<TICKER>,<PER>,<DATE>,<TIME>,<LAST>,<VOL>
RTSI,0,20190322,100001,1237.000000000,99
RTSI,0,20190322,100002,1237.550000000,75395
RTSI,0,20190322,100003,1237.550000000,92429
RTSI,0,20190322,100004,1236.830000000,41681
RTSI,0,20190322,100007,1236.410000000,193522
RTSI,0,20190322,100008,1236.870000000,67897
RTSI,0,20190322,100009,1236.510000000,21513
RTSI,0,20190322,100010,1236.590000000,6550
RTSI,0,20190322,100011,1236.700000000,41381
RTSI,0,20190322,100012,1236.890000000,31476
RTSI,0,20190322,100013,1237.120000000,28651
RTSI,0,20190322,100014,1237.010000000,38154
RTSI,0,20190322,100015,1237.060000000,49693
RTSI,0,20190322,100016,1236.960000000,18770
RTSI,0,20190322,100017,1237.000000000,13054
RTSI,0,20190322,100018,1237.060000000,46419
RTSI,0,20190322,100019,1237.000000000,19872
RTSI,0,20190322,100020,1237.120000000,25829
RTSI,0,20190322,100021,1237.050000000,23684
RTSI,0,20190322,100022,1237.120000000,11042
RTSI,0,20190322,100023,1237.060000000,21926
RTSI,0,20190322,100024,1237.020000000,5639
RTSI,0,20190322,100025,1236.930000000,5314
RTSI,0,20190322,100026,1236.890000000,18778
RTSI,0,20190322,100027,1236.870000000,12875
RTSI,0,20190322,100028,1236.690000000,11112
RTSI,0,20190322,100029,1236.600000000,102820
RTSI,0,20190322,100030,1236.770000000,191961
RTSI,0,20190322,100031,1236.830000000,77966
RTSI,0,20190322,100032,1236.830000000,4449
RTSI,0,20190322,100033,1236.870000000,10406
RTSI,0,20190322,100034,1236.860000000,2516
RTSI,0,20190322,100035,1236.890000000,6910
RTSI,0,20190322,100036,1236.870000000,21190
RTSI,0,20190322,100037,1236.860000000,10091
RTSI,0,20190322,100038,1236.810000000,11074
RTSI,0,20190322,100039,1236.810000000,12160
RTSI,0,20190322,100040,1236.860000000,24742
RTSI,0,20190322,100041,1236.810000000,2771
RTSI,0,20190322,100042,1236.830000000,5806
RTSI,0,20190322,100043,1236.810000000,50996
RTSI,0,20190322,100044,1236.620000000,11728
RTSI,0,20190322,100045,1236.580000000,401
RTSI,0,20190322,100046,1236.580000000,80689
RTSI,0,20190322,100047,1236.580000000,6579
RTSI,0,20190322,100048,1236.490000000,16954
RTSI,0,20190322,100049,1236.440000000,29657
RTSI,0,20190322,100050,1236.270000000,32749
RTSI,0,20190322,100051,1236.340000000,10772
RTSI,0,20190322,100052,1236.980000000,62582
RTSI,0,20190322,100053,1237.110000000,187286
RTSI,0,20190322,100054,1237.080000000,7297
RTSI,0,20190322,100055,1237.250000000,45560
RTSI,0,20190322,100056,1237.430000000,42398
RTSI,0,20190322,100057,1237.380000000,4681
RTSI,0,20190322,100058,1237.410000000,32113
RTSI,0,20190322,100059,1237.490000000,27505
RTSI,0,20190322,100100,1237.620000000,76346
RTSI,0,20190322,100101,1237.550000000,15950
RTSI,0,20190322,100102,1237.460000000,29853
RTSI,0,20190322,100103,1237.460000000,2975
RTSI,0,20190322,100104,1237.280000000,36034
RTSI,0,20190322,100105,1237.130000000,113763
RTSI,0,20190322,100106,1237.000000000,18478
RTSI,0,20190322,100107,1237.100000000,2802
RTSI,0,20190322,100108,1237.080000000,29049
RTSI,0,20190322,100109,1236.920000000,15898
RTSI,0,20190322,100110,1236.980000000,1976
RTSI,0,20190322,100111,1237.000000000,12569
RTSI,0,20190322,100112,1236.760000000,14353
RTSI,0,20190322,100113,1236.780000000,9167
RTSI,0,20190322,100114,1236.740000000,3666
RTSI,0,20190322,100115,1236.840000000,2919
RTSI,0,20190322,100116,1236.740000000,47087
RTSI,0,20190322,100117,1236.820000000,113315
RTSI,0,20190322,100118,1236.900000000,68391
RTSI,0,20190322,100119,1236.850000000,29485
RTSI,0,20190322,100120,1236.760000000,6903
RTSI,0,20190322,100121,1236.810000000,58889
RTSI,0,20190322,100122,1236.760000000,18988
RTSI,0,20190322,100123,1237.060000000,11935
RTSI,0,20190322,100124,1237.000000000,12387
RTSI,0,20190322,100125,1237.080000000,185007
RTSI,0,20190322,100126,1237.210000000,10933
RTSI,0,20190322,100127,1237.170000000,411
RTSI,0,20190322,100128,1237.080000000,48632
RTSI,0,20190322,100129,1237.050000000,7126
RTSI,0,20190322,100130,1237.090000000,11790
RTSI,0,20190322,100131,1237.190000000,30608
RTSI,0,20190322,100132,1237.160000000,39916
RTSI,0,20190322,100133,1237.100000000,12069
RTSI,0,20190322,100134,1237.070000000,952
RTSI,0,20190322,100135,1237.110000000,856
RTSI,0,20190322,100136,1237.120000000,9669
RTSI,0,20190322,100137,1237.120000000,13706
RTSI,0,20190322,100138,1237.080000000,1210
RTSI,0,20190322,100139,1237.100000000,3559
RTSI,0,20190322,100140,1237.190000000,12276
RTSI,0,20190322,100141,1237.250000000,10886
RTSI,0,20190322,100142,1237.170000000,21177
RTSI,0,20190322,100143,1237.180000000,1189
RTSI,0,20190322,100144,1237.200000000,2780
RTSI,0,20190322,100145,1237.160000000,3615
RTSI,0,20190322,100146,1237.200000000,2832
RTSI,0,20190322,100147,1237.110000000,1090
RTSI,0,20190322,100148,1237.040000000,4448
RTSI,0,20190322,100149,1237.020000000,863
RTSI,0,20190322,100150,1237.090000000,4517
RTSI,0,20190322,100151,1237.080000000,13362
RTSI,0,20190322,100152,1237.070000000,2653
RTSI,0,20190322,100153,1237.060000000,1091
RTSI,0,20190322,100154,1237.070000000,1934
RTSI,0,20190322,100155,1237.070000000,1519
RTSI,0,20190322,100156,1237.120000000,824
RTSI,0,20190322,100157,1237.100000000,7037
RTSI,0,20190322,100158,1237.120000000,1411
RTSI,0,20190322,100159,1237.040000000,35645
RTSI,0,20190322,100200,1236.990000000,33363
RTSI,0,20190322,100201,1236.960000000,1665
RTSI,0,20190322,100202,1236.950000000,1816
RTSI,0,20190322,100203,1237.080000000,57524
RTSI,0,20190322,100204,1237.030000000,5984
RTSI,0,20190322,100205,1237.010000000,12791
RTSI,0,20190322,100206,1237.020000000,1119
RTSI,0,20190322,100207,1236.980000000,1251
RTSI,0,20190322,100208,1236.880000000,42323
RTSI,0,20190322,100209,1236.900000000,232
RTSI,0,20190322,100210,1236.840000000,13205
RTSI,0,20190322,100211,1236.820000000,60776
RTSI,0,20190322,100212,1236.740000000,28613
RTSI,0,20190322,100213,1236.760000000,6845
RTSI,0,20190322,100214,1236.820000000,8480
RTSI,0,20190322,100215,1236.870000000,786
RTSI,0,20190322,100216,1236.840000000,14499
RTSI,0,20190322,100217,1236.810000000,1557
RTSI,0,20190322,100218,1236.800000000,11790
RTSI,0,20190322,100219,1236.800000000,3723
RTSI,0,20190322,100220,1236.760000000,7648
RTSI,0,20190322,100221,1236.770000000,22210
RTSI,0,20190322,100222,1236.830000000,685
RTSI,0,20190322,100223,1236.800000000,6892
RTSI,0,20190322,100224,1236.850000000,5503
RTSI,0,20190322,100225,1236.820000000,26462
RTSI,0,20190322,100226,1236.890000000,970
RTSI,0,20190322,100227,1236.890000000,16061
RTSI,0,20190322,100228,1236.860000000,12284
RTSI,0,20190322,100229,1236.850000000,6789
RTSI,0,20190322,100230,1236.900000000,9449
RTSI,0,20190322,100231,1236.900000000,1986
RTSI,0,20190322,100232,1237.030000000,7150
RTSI,0,20190322,100233,1236.860000000,59085
RTSI,0,20190322,100234,1236.830000000,14536
RTSI,0,20190322,100235,1236.770000000,230144
RTSI,0,20190322,100236,1236.760000000,10494
RTSI,0,20190322,100237,1236.710000000,249
RTSI,0,20190322,100238,1236.660000000,14868
RTSI,0,20190322,100239,1236.640000000,7914
RTSI,0,20190322,100240,1236.660000000,17694
RTSI,0,20190322,100241,1236.680000000,2114
RTSI,0,20190322,100242,1236.680000000,1988
RTSI,0,20190322,100243,1236.700000000,5563
RTSI,0,20190322,100244,1236.720000000,22657
RTSI,0,20190322,100245,1236.740000000,925
RTSI,0,20190322,100246,1236.760000000,1219
RTSI,0,20190322,100247,1236.750000000,7915
RTSI,0,20190322,100248,1236.750000000,2539
RTSI,0,20190322,100249,1236.780000000,4122
RTSI,0,20190322,100250,1236.760000000,3617
RTSI,0,20190322,100251,1236.760000000,5294
RTSI,0,20190322,100252,1236.750000000,21739
RTSI,0,20190322,100253,1236.740000000,3031
RTSI,0,20190322,100254,1236.690000000,41707
RTSI,0,20190322,100255,1236.430000000,117147
RTSI,0,20190322,100256,1236.440000000,12227
RTSI,0,20190322,100257,1236.320000000,30524
RTSI,0,20190322,100258,1236.320000000,17228
RTSI,0,20190322,100259,1236.320000000,719
RTSI,0,20190322,100300,1236.250000000,79934
RTSI,0,20190322,100301,1236.450000000,22303
RTSI,0,20190322,100302,1236.250000000,58879
RTSI,0,20190322,100303,1236.290000000,97613
RTSI,0,20190322,100304,1236.300000000,5975
RTSI,0,20190322,100305,1236.280000000,2120
RTSI,0,20190322,100306,1236.270000000,33364
RTSI,0,20190322,100307,1236.290000000,10221
RTSI,0,20190322,100308,1236.250000000,9583
RTSI,0,20190322,100309,1236.360000000,20503
RTSI,0,20190322,100310,1236.320000000,6026
RTSI,0,20190322,100311,1236.100000000,65843
RTSI,0,20190322,100312,1235.910000000,25340
RTSI,0,20190322,100313,1235.910000000,26850
RTSI,0,20190322,100314,1235.920000000,6660
RTSI,0,20190322,100315,1235.900000000,10019
RTSI,0,20190322,100316,1235.850000000,34917
RTSI,0,20190322,100317,1235.840000000,3801
RTSI,0,20190322,100318,1235.870000000,21381
RTSI,0,20190322,100319,1235.870000000,1054
RTSI,0,20190322,100320,1235.940000000,162578
RTSI,0,20190322,100321,1235.940000000,872
RTSI,0,20190322,100322,1236.070000000,8293
RTSI,0,20190322,100323,1236.000000000,5994
RTSI,0,20190322,100324,1236.000000000,8264
RTSI,0,20190322,100325,1236.060000000,7985
RTSI,0,20190322,100326,1236.090000000,40427
RTSI,0,20190322,100327,1236.050000000,4279
RTSI,0,20190322,100328,1236.000000000,6084
RTSI,0,20190322,100329,1235.950000000,519
RTSI,0,20190322,100330,1235.940000000,35704
RTSI,0,20190322,100331,1235.920000000,4527
RTSI,0,20190322,100332,1235.940000000,30680
RTSI,0,20190322,100333,1235.940000000,5804
RTSI,0,20190322,100334,1235.940000000,12858
RTSI,0,20190322,100335,1235.990000000,4049
RTSI,0,20190322,100336,1235.970000000,6708
RTSI,0,20190322,100337,1235.980000000,27848
RTSI,0,20190322,100338,1235.900000000,101201
RTSI,0,20190322,100339,1235.760000000,32752
RTSI,0,20190322,100340,1235.780000000,4375
RTSI,0,20190322,100341,1235.720000000,9103
RTSI,0,20190322,100342,1235.710000000,0
RTSI,0,20190322,100343,1235.820000000,25215
RTSI,0,20190322,100344,1235.940000000,69648
RTSI,0,20190322,100345,1235.880000000,13176
RTSI,0,20190322,100346,1235.780000000,36508
RTSI,0,20190322,100347,1235.780000000,2936
RTSI,0,20190322,100348,1235.870000000,10691
RTSI,0,20190322,100349,1235.850000000,33657
RTSI,0,20190322,100350,1235.880000000,3707
RTSI,0,20190322,100351,1235.880000000,397
RTSI,0,20190322,100352,1235.830000000,12517
RTSI,0,20190322,100353,1235.830000000,159
RTSI,0,20190322,100354,1235.810000000,9036
RTSI,0,20190322,100355,1235.840000000,13764
RTSI,0,20190322,100356,1235.710000000,13461
RTSI,0,20190322,100357,1235.770000000,11167
RTSI,0,20190322,100358,1235.800000000,10165
RTSI,0,20190322,100359,1235.820000000,10859
RTSI,0,20190322,100400,1235.710000000,105496
RTSI,0,20190322,100401,1235.680000000,16491
RTSI,0,20190322,100402,1235.660000000,5161
RTSI,0,20190322,100403,1235.670000000,2104
RTSI,0,20190322,100404,1235.760000000,1508
RTSI,0,20190322,100405,1235.750000000,4931
RTSI,0,20190322,100406,1235.790000000,4733
RTSI,0,20190322,100407,1235.730000000,12404
RTSI,0,20190322,100408,1235.670000000,7891
RTSI,0,20190322,100409,1235.700000000,1511
RTSI,0,20190322,100410,1235.760000000,7358
RTSI,0,20190322,100411,1235.780000000,911
RTSI,0,20190322,100412,1235.780000000,0
RTSI,0,20190322,100413,1235.800000000,1844
RTSI,0,20190322,100414,1235.760000000,7015
RTSI,0,20190322,100415,1235.820000000,14026
RTSI,0,20190322,100416,1235.800000000,22502
RTSI,0,20190322,100417,1235.730000000,37278
RTSI,0,20190322,100418,1235.620000000,19265
RTSI,0,20190322,100419,1235.680000000,10540
RTSI,0,20190322,100420,1235.790000000,5777
RTSI,0,20190322,100421,1235.790000000,3325
RTSI,0,20190322,100422,1235.780000000,22755
RTSI,0,20190322,100423,1235.820000000,42247
RTSI,0,20190322,100424,1235.760000000,119013
RTSI,0,20190322,100425,1235.740000000,10261
RTSI,0,20190322,100426,1235.720000000,871
RTSI,0,20190322,100427,1235.720000000,1810
RTSI,0,20190322,100428,1235.750000000,953
RTSI,0,20190322,100429,1235.890000000,18272
RTSI,0,20190322,100430,1235.850000000,4372
RTSI,0,20190322,100431,1235.850000000,2094
RTSI,0,20190322,100432,1235.860000000,8877
RTSI,0,20190322,100433,1235.850000000,1735
RTSI,0,20190322,100434,1235.780000000,34650
RTSI,0,20190322,100435,1235.780000000,3216
RTSI,0,20190322,100436,1235.790000000,6106
RTSI,0,20190322,100437,1235.800000000,9237
RTSI,0,20190322,100438,1235.810000000,4766
RTSI,0,20190322,100439,1235.860000000,10986
RTSI,0,20190322,100440,1235.860000000,544
RTSI,0,20190322,100441,1235.890000000,8971
RTSI,0,20190322,100442,1235.930000000,5723
RTSI,0,20190322,100443,1235.960000000,266
RTSI,0,20190322,100444,1235.970000000,4923
RTSI,0,20190322,100445,1235.970000000,8721
RTSI,0,20190322,100446,1235.910000000,11262
RTSI,0,20190322,100447,1235.910000000,0
RTSI,0,20190322,100448,1236.000000000,40734
RTSI,0,20190322,100449,1235.930000000,51371
RTSI,0,20190322,100450,1235.940000000,2795
RTSI,0,20190322,100451,1235.930000000,4805
RTSI,0,20190322,100452,1236.020000000,46254
RTSI,0,20190322,100453,1236.050000000,2512
RTSI,0,20190322,100454,1236.010000000,7613
RTSI,0,20190322,100455,1236.020000000,10576
RTSI,0,20190322,100456,1236.020000000,2259
RTSI,0,20190322,100457,1236.020000000,1300
RTSI,0,20190322,100458,1236.010000000,5219
RTSI,0,20190322,100459,1235.920000000,10641
RTSI,0,20190322,100500,1235.920000000,3326
RTSI,0,20190322,100501,1235.850000000,91069
RTSI,0,20190322,100502,1235.880000000,10579
RTSI,0,20190322,100503,1235.860000000,14121
RTSI,0,20190322,100504,1235.840000000,17206
RTSI,0,20190322,100505,1235.850000000,10068
RTSI,0,20190322,100506,1235.830000000,1912
RTSI,0,20190322,100507,1235.660000000,1719
RTSI,0,20190322,100508,1235.440000000,59661
RTSI,0,20190322,100509,1235.500000000,5628
RTSI,0,20190322,100510,1235.530000000,525
RTSI,0,20190322,100511,1235.550000000,23641
RTSI,0,20190322,100512,1235.550000000,20149
RTSI,0,20190322,100513,1235.550000000,12544
RTSI,0,20190322,100514,1235.570000000,5623
RTSI,0,20190322,100515,1235.560000000,4937
RTSI,0,20190322,100516,1235.650000000,114
RTSI,0,20190322,100517,1235.630000000,5209
RTSI,0,20190322,100518,1235.630000000,3193
RTSI,0,20190322,100519,1235.660000000,12702
RTSI,0,20190322,100520,1235.620000000,14926
RTSI,0,20190322,100521,1235.580000000,692
RTSI,0,20190322,100522,1235.580000000,5803
RTSI,0,20190322,100523,1235.270000000,85240
RTSI,0,20190322,100524,1235.370000000,1781
RTSI,0,20190322,100525,1235.370000000,22
RTSI,0,20190322,100526,1235.330000000,3299
RTSI,0,20190322,100527,1235.240000000,62731
RTSI,0,20190322,100528,1235.210000000,107161
RTSI,0,20190322,100529,1235.190000000,113752
RTSI,0,20190322,100530,1235.180000000,59223
RTSI,0,20190322,100531,1235.100000000,6974
RTSI,0,20190322,100532,1235.170000000,77480
RTSI,0,20190322,100533,1235.240000000,12703
RTSI,0,20190322,100534,1235.250000000,7339
RTSI,0,20190322,100535,1235.220000000,26814
RTSI,0,20190322,100536,1235.190000000,7680
RTSI,0,20190322,100537,1235.160000000,91573
RTSI,0,20190322,100538,1235.100000000,137204
RTSI,0,20190322,100539,1235.000000000,17415
RTSI,0,20190322,100540,1235.010000000,7363
RTSI,0,20190322,100541,1234.920000000,190534
RTSI,0,20190322,100542,1235.020000000,21571
RTSI,0,20190322,100543,1235.000000000,35645
RTSI,0,20190322,100544,1235.030000000,13694
RTSI,0,20190322,100545,1235.010000000,23383
RTSI,0,20190322,100546,1235.010000000,37968
RTSI,0,20190322,100547,1235.030000000,7845
RTSI,0,20190322,100548,1235.050000000,11270
RTSI,0,20190322,100549,1235.040000000,20398
RTSI,0,20190322,100550,1235.210000000,30484
RTSI,0,20190322,100551,1235.180000000,22822
RTSI,0,20190322,100552,1235.190000000,12102
RTSI,0,20190322,100553,1235.190000000,41
RTSI,0,20190322,100554,1235.090000000,16093
RTSI,0,20190322,100555,1235.090000000,8654
RTSI,0,20190322,100556,1235.120000000,16153
RTSI,0,20190322,100557,1235.070000000,21378
RTSI,0,20190322,100558,1235.030000000,19706
RTSI,0,20190322,100559,1235.030000000,2801
RTSI,0,20190322,100600,1235.100000000,17694
RTSI,0,20190322,100601,1235.010000000,51884
RTSI,0,20190322,100602,1234.940000000,11513
RTSI,0,20190322,100603,1234.960000000,2936
RTSI,0,20190322,100604,1234.960000000,2213
RTSI,0,20190322,100605,1234.960000000,1101
RTSI,0,20190322,100606,1235.070000000,190191
RTSI,0,20190322,100607,1235.120000000,38163
RTSI,0,20190322,100608,1235.120000000,17255
RTSI,0,20190322,100609,1235.140000000,6434
RTSI,0,20190322,100610,1235.040000000,21442
RTSI,0,20190322,100611,1235.040000000,1734
RTSI,0,20190322,100612,1235.030000000,3773
RTSI,0,20190322,100613,1234.960000000,25818
RTSI,0,20190322,100614,1235.060000000,3760
RTSI,0,20190322,100615,1235.030000000,18995
RTSI,0,20190322,100616,1235.070000000,4062
RTSI,0,20190322,100617,1235.070000000,1640
RTSI,0,20190322,100618,1235.140000000,5212
RTSI,0,20190322,100619,1235.110000000,42452
RTSI,0,20190322,100620,1235.170000000,12608
RTSI,0,20190322,100621,1235.160000000,28690
RTSI,0,20190322,100622,1235.140000000,7278
RTSI,0,20190322,100623,1235.140000000,18638
RTSI,0,20190322,100624,1235.140000000,12508
RTSI,0,20190322,100625,1235.110000000,11947
RTSI,0,20190322,100626,1235.100000000,652
RTSI,0,20190322,100627,1235.090000000,2705
RTSI,0,20190322,100628,1235.100000000,14233
RTSI,0,20190322,100629,1235.090000000,5950
RTSI,0,20190322,100630,1235.250000000,42725
RTSI,0,20190322,100631,1235.260000000,16667
RTSI,0,20190322,100632,1235.370000000,79911
RTSI,0,20190322,100633,1235.360000000,1301
RTSI,0,20190322,100634,1235.380000000,40852
RTSI,0,20190322,100635,1235.370000000,19052
RTSI,0,20190322,100636,1235.390000000,729
RTSI,0,20190322,100637,1235.360000000,1668
RTSI,0,20190322,100638,1235.360000000,2363
RTSI,0,20190322,100639,1235.390000000,4817
RTSI,0,20190322,100640,1235.400000000,3346
RTSI,0,20190322,100641,1235.400000000,9975
RTSI,0,20190322,100642,1235.420000000,18737
RTSI,0,20190322,100643,1235.370000000,7062
RTSI,0,20190322,100644,1235.380000000,14878
RTSI,0,20190322,100645,1235.330000000,1841
RTSI,0,20190322,100646,1235.260000000,18384
RTSI,0,20190322,100647,1235.320000000,2113
RTSI,0,20190322,100648,1235.300000000,12842
RTSI,0,20190322,100649,1235.310000000,526
RTSI,0,20190322,100650,1235.320000000,14136
RTSI,0,20190322,100651,1235.310000000,1620
RTSI,0,20190322,100652,1235.230000000,36504
RTSI,0,20190322,100653,1235.240000000,3373
RTSI,0,20190322,100654,1235.250000000,7298
RTSI,0,20190322,100655,1235.170000000,6070
RTSI,0,20190322,100656,1235.190000000,41594
RTSI,0,20190322,100657,1235.180000000,25711
RTSI,0,20190322,100658,1235.190000000,64272
RTSI,0,20190322,100659,1235.200000000,233
RTSI,0,20190322,100700,1235.200000000,43
RTSI,0,20190322,100701,1235.220000000,3502
RTSI,0,20190322,100702,1235.290000000,14818
RTSI,0,20190322,100703,1235.300000000,225006
RTSI,0,20190322,100704,1235.290000000,5606
RTSI,0,20190322,100705,1235.300000000,18582
RTSI,0,20190322,100706,1235.320000000,38316
RTSI,0,20190322,100707,1235.310000000,51500
RTSI,0,20190322,100708,1235.370000000,8671
RTSI,0,20190322,100709,1235.540000000,378339
RTSI,0,20190322,100710,1235.580000000,3960
RTSI,0,20190322,100711,1235.580000000,29399
RTSI,0,20190322,100712,1235.650000000,37173
RTSI,0,20190322,100713,1235.710000000,159660
RTSI,0,20190322,100714,1235.720000000,57806
RTSI,0,20190322,100715,1235.690000000,38301
RTSI,0,20190322,100716,1235.660000000,9070
RTSI,0,20190322,100717,1235.690000000,78895
RTSI,0,20190322,100718,1235.770000000,1800
RTSI,0,20190322,100719,1235.710000000,12977
RTSI,0,20190322,100720,1235.750000000,1128
RTSI,0,20190322,100721,1235.750000000,87410
RTSI,0,20190322,100722,1235.740000000,15394
RTSI,0,20190322,100723,1235.800000000,8681
RTSI,0,20190322,100724,1235.800000000,8182
RTSI,0,20190322,100725,1235.750000000,21977
RTSI,0,20190322,100726,1235.750000000,533
RTSI,0,20190322,100727,1235.780000000,13921
RTSI,0,20190322,100728,1235.800000000,12282
RTSI,0,20190322,100729,1235.790000000,895
RTSI,0,20190322,100730,1235.800000000,17194
RTSI,0,20190322,100731,1235.890000000,7962
RTSI,0,20190322,100732,1235.910000000,1162
RTSI,0,20190322,100733,1235.850000000,4278
RTSI,0,20190322,100734,1235.760000000,67151
RTSI,0,20190322,100735,1235.750000000,611
RTSI,0,20190322,100736,1235.740000000,60166
RTSI,0,20190322,100737,1235.680000000,116
RTSI,0,20190322,100738,1235.710000000,65437
RTSI,0,20190322,100739,1235.710000000,5015
RTSI,0,20190322,100740,1235.720000000,74
RTSI,0,20190322,100741,1235.720000000,48
RTSI,0,20190322,100742,1235.730000000,1432
RTSI,0,20190322,100743,1235.710000000,1371
RTSI,0,20190322,100744,1235.700000000,6347
RTSI,0,20190322,100745,1235.690000000,8185
RTSI,0,20190322,100746,1235.730000000,4342
RTSI,0,20190322,100747,1235.770000000,452
RTSI,0,20190322,100748,1235.780000000,323
RTSI,0,20190322,100749,1235.790000000,1214
RTSI,0,20190322,100750,1235.870000000,3232
RTSI,0,20190322,100751,1235.870000000,27023
RTSI,0,20190322,100752,1235.830000000,48359
RTSI,0,20190322,100753,1235.830000000,51
RTSI,0,20190322,100754,1235.870000000,1565
RTSI,0,20190322,100755,1236.000000000,21872
RTSI,0,20190322,100756,1235.990000000,315
RTSI,0,20190322,100757,1236.100000000,40452
RTSI,0,20190322,100758,1236.110000000,5043
RTSI,0,20190322,100759,1236.170000000,2331
RTSI,0,20190322,100800,1236.190000000,1155
RTSI,0,20190322,100801,1236.220000000,27579
RTSI,0,20190322,100802,1236.220000000,91236
RTSI,0,20190322,100803,1236.180000000,16695
RTSI,0,20190322,100804,1236.190000000,10491
RTSI,0,20190322,100805,1236.140000000,78376
RTSI,0,20190322,100806,1236.200000000,15798
RTSI,0,20190322,100807,1236.270000000,13033
RTSI,0,20190322,100808,1236.360000000,8725
RTSI,0,20190322,100809,1236.360000000,3917
RTSI,0,20190322,100810,1236.360000000,2562
RTSI,0,20190322,100811,1236.370000000,24427
RTSI,0,20190322,100812,1236.390000000,10183
RTSI,0,20190322,100813,1236.390000000,0
RTSI,0,20190322,100814,1236.390000000,691
RTSI,0,20190322,100815,1236.390000000,19000
RTSI,0,20190322,100816,1236.410000000,3175
RTSI,0,20190322,100817,1236.360000000,20914
RTSI,0,20190322,100818,1236.320000000,35846
RTSI,0,20190322,100819,1236.350000000,15871
RTSI,0,20190322,100820,1236.380000000,2331
RTSI,0,20190322,100821,1236.390000000,1419
RTSI,0,20190322,100822,1236.380000000,11623
RTSI,0,20190322,100823,1236.370000000,12152
RTSI,0,20190322,100824,1236.400000000,6633
RTSI,0,20190322,100825,1236.390000000,273
RTSI,0,20190322,100826,1236.410000000,3624
RTSI,0,20190322,100827,1236.380000000,8706
RTSI,0,20190322,100828,1236.410000000,1197
RTSI,0,20190322,100829,1236.450000000,5652
RTSI,0,20190322,100830,1236.440000000,273
RTSI,0,20190322,100831,1236.450000000,290
RTSI,0,20190322,100832,1236.470000000,21129
RTSI,0,20190322,100833,1236.430000000,6238
RTSI,0,20190322,100834,1236.430000000,545
RTSI,0,20190322,100835,1236.020000000,89342
RTSI,0,20190322,100836,1236.060000000,43627
RTSI,0,20190322,100837,1236.110000000,1521
RTSI,0,20190322,100838,1236.090000000,1771
RTSI,0,20190322,100839,1236.110000000,588
RTSI,0,20190322,100840,1236.120000000,7918
RTSI,0,20190322,100841,1236.070000000,83502
RTSI,0,20190322,100842,1236.010000000,7599
RTSI,0,20190322,100843,1236.050000000,3518
RTSI,0,20190322,100844,1236.050000000,2044
RTSI,0,20190322,100845,1236.090000000,46268
RTSI,0,20190322,100846,1236.030000000,20312
RTSI,0,20190322,100847,1236.040000000,12
RTSI,0,20190322,100848,1236.130000000,2525
RTSI,0,20190322,100849,1236.040000000,7083
RTSI,0,20190322,100850,1236.130000000,4540
RTSI,0,20190322,100851,1236.150000000,6814
RTSI,0,20190322,100852,1236.110000000,352
RTSI,0,20190322,100853,1236.200000000,4765
RTSI,0,20190322,100854,1236.210000000,1266
RTSI,0,20190322,100855,1236.270000000,3179
RTSI,0,20190322,100856,1236.300000000,992
RTSI,0,20190322,100857,1236.270000000,36620
RTSI,0,20190322,100858,1235.840000000,82962
RTSI,0,20190322,100859,1235.930000000,36114
RTSI,0,20190322,100900,1235.940000000,190
RTSI,0,20190322,100901,1235.800000000,135053
RTSI,0,20190322,100902,1235.780000000,16808
RTSI,0,20190322,100903,1235.850000000,16019
RTSI,0,20190322,100904,1235.990000000,10608
RTSI,0,20190322,100905,1235.980000000,9020
RTSI,0,20190322,100906,1235.890000000,89411
RTSI,0,20190322,100907,1235.900000000,9841
RTSI,0,20190322,100908,1235.940000000,2652
RTSI,0,20190322,100909,1235.950000000,1198
RTSI,0,20190322,100910,1235.970000000,3077
RTSI,0,20190322,100911,1236.000000000,8620
RTSI,0,20190322,100912,1236.010000000,154
RTSI,0,20190322,100913,1236.010000000,75
RTSI,0,20190322,100914,1235.930000000,8323
RTSI,0,20190322,100915,1235.910000000,1025
RTSI,0,20190322,100916,1235.990000000,3126
RTSI,0,20190322,100917,1236.000000000,97
RTSI,0,20190322,100918,1236.060000000,13800
RTSI,0,20190322,100919,1236.110000000,2388
RTSI,0,20190322,100920,1236.060000000,12046
RTSI,0,20190322,100921,1236.070000000,6800
RTSI,0,20190322,100922,1236.090000000,13366
RTSI,0,20190322,100923,1235.990000000,66084
RTSI,0,20190322,100924,1235.990000000,8931
RTSI,0,20190322,100925,1236.000000000,2092
RTSI,0,20190322,100926,1235.930000000,704
RTSI,0,20190322,100927,1235.960000000,543
RTSI,0,20190322,100928,1236.020000000,2064
RTSI,0,20190322,100929,1236.000000000,454
RTSI,0,20190322,100930,1236.020000000,1195
RTSI,0,20190322,100931,1236.020000000,3317
RTSI,0,20190322,100932,1236.080000000,20496
RTSI,0,20190322,100933,1236.050000000,15594
RTSI,0,20190322,100934,1236.070000000,4563
RTSI,0,20190322,100935,1236.090000000,143
RTSI,0,20190322,100936,1236.130000000,2579
RTSI,0,20190322,100937,1236.110000000,10546
RTSI,0,20190322,100938,1236.130000000,3149
RTSI,0,20190322,100939,1236.160000000,382
RTSI,0,20190322,100940,1236.160000000,8937
RTSI,0,20190322,100941,1236.180000000,14894
RTSI,0,20190322,100942,1236.190000000,9038
RTSI,0,20190322,100943,1236.200000000,1236
RTSI,0,20190322,100944,1236.200000000,6360
RTSI,0,20190322,100945,1236.230000000,3162
RTSI,0,20190322,100946,1236.260000000,11859
RTSI,0,20190322,100947,1236.270000000,1212
RTSI,0,20190322,100948,1236.260000000,771
RTSI,0,20190322,100949,1236.270000000,5952
RTSI,0,20190322,100950,1236.270000000,5077
RTSI,0,20190322,100951,1236.300000000,2962
RTSI,0,20190322,100952,1236.290000000,10011
RTSI,0,20190322,100953,1236.310000000,186
RTSI,0,20190322,100954,1236.250000000,46465
RTSI,0,20190322,100955,1236.240000000,15
RTSI,0,20190322,100956,1236.300000000,2846
RTSI,0,20190322,100957,1236.300000000,3378
RTSI,0,20190322,100958,1236.300000000,7231
RTSI,0,20190322,100959,1236.340000000,9150
RTSI,0,20190322,101000,1236.320000000,20267
RTSI,0,20190322,101001,1236.360000000,369
RTSI,0,20190322,101002,1235.940000000,53806
RTSI,0,20190322,101003,1235.970000000,3115
RTSI,0,20190322,101004,1236.000000000,2607
RTSI,0,20190322,101005,1235.890000000,17375
RTSI,0,20190322,101006,1236.010000000,32392
RTSI,0,20190322,101007,1236.050000000,1735
RTSI,0,20190322,101008,1236.040000000,8038
RTSI,0,20190322,101009,1235.970000000,26766
RTSI,0,20190322,101010,1236.010000000,13465
RTSI,0,20190322,101011,1236.060000000,819
RTSI,0,20190322,101012,1236.060000000,10181
RTSI,0,20190322,101013,1236.090000000,4549
RTSI,0,20190322,101014,1236.090000000,1676
RTSI,0,20190322,101015,1236.090000000,0
RTSI,0,20190322,101016,1236.120000000,5472
RTSI,0,20190322,101017,1236.130000000,119
RTSI,0,20190322,101018,1236.120000000,2178
RTSI,0,20190322,101019,1236.110000000,6591
RTSI,0,20190322,101020,1236.070000000,3690
RTSI,0,20190322,101021,1236.060000000,3609
RTSI,0,20190322,101022,1236.070000000,1376
RTSI,0,20190322,101023,1236.230000000,4127
RTSI,0,20190322,101024,1236.210000000,1263
RTSI,0,20190322,101025,1236.220000000,527
RTSI,0,20190322,101026,1236.260000000,2005
RTSI,0,20190322,101027,1236.250000000,23685
RTSI,0,20190322,101028,1236.330000000,8717
RTSI,0,20190322,101029,1236.370000000,78707
RTSI,0,20190322,101030,1236.370000000,6110
RTSI,0,20190322,101031,1236.310000000,26520
RTSI,0,20190322,101032,1236.320000000,143
RTSI,0,20190322,101033,1236.320000000,3296
RTSI,0,20190322,101034,1236.320000000,5033
RTSI,0,20190322,101035,1236.330000000,132
RTSI,0,20190322,101036,1236.350000000,258
RTSI,0,20190322,101037,1236.370000000,3850
RTSI,0,20190322,101038,1236.320000000,16815
RTSI,0,20190322,101039,1236.380000000,177
RTSI,0,20190322,101040,1236.420000000,2343
RTSI,0,20190322,101041,1236.430000000,1847
RTSI,0,20190322,101042,1236.430000000,23377
RTSI,0,20190322,101043,1236.440000000,841
RTSI,0,20190322,101044,1236.480000000,39851
RTSI,0,20190322,101045,1236.480000000,3312
RTSI,0,20190322,101046,1236.500000000,1356
RTSI,0,20190322,101047,1236.530000000,7715
RTSI,0,20190322,101048,1236.460000000,41624
RTSI,0,20190322,101049,1236.470000000,246
RTSI,0,20190322,101050,1236.470000000,72
RTSI,0,20190322,101051,1236.510000000,12849
RTSI,0,20190322,101052,1236.510000000,204
RTSI,0,20190322,101053,1236.520000000,4398
RTSI,0,20190322,101054,1236.510000000,3122
RTSI,0,20190322,101055,1236.490000000,19885
RTSI,0,20190322,101056,1236.480000000,1564
RTSI,0,20190322,101057,1236.420000000,1653
RTSI,0,20190322,101058,1236.410000000,14881
RTSI,0,20190322,101059,1236.410000000,8892
RTSI,0,20190322,101100,1236.410000000,253
RTSI,0,20190322,101101,1236.370000000,2613
RTSI,0,20190322,101102,1236.380000000,2895
RTSI,0,20190322,101103,1236.430000000,2955
RTSI,0,20190322,101104,1236.430000000,12171
RTSI,0,20190322,101105,1236.300000000,84666
RTSI,0,20190322,101106,1236.330000000,7203
RTSI,0,20190322,101107,1236.330000000,54031
RTSI,0,20190322,101108,1236.400000000,619
RTSI,0,20190322,101109,1236.400000000,1547
RTSI,0,20190322,101110,1236.400000000,0
RTSI,0,20190322,101111,1236.350000000,13562
RTSI,0,20190322,101112,1236.360000000,5674
RTSI,0,20190322,101113,1236.290000000,44264
RTSI,0,20190322,101114,1236.280000000,6628
RTSI,0,20190322,101115,1236.270000000,3452
RTSI,0,20190322,101116,1236.270000000,6968
RTSI,0,20190322,101117,1236.290000000,856
RTSI,0,20190322,101118,1236.250000000,2451
RTSI,0,20190322,101119,1236.300000000,25036
RTSI,0,20190322,101120,1236.370000000,6428
RTSI,0,20190322,101121,1236.440000000,2446
RTSI,0,20190322,101122,1236.440000000,9987
RTSI,0,20190322,101123,1236.460000000,57426
RTSI,0,20190322,101124,1236.510000000,324
RTSI,0,20190322,101125,1236.510000000,5572
RTSI,0,20190322,101126,1236.470000000,3621
RTSI,0,20190322,101127,1236.470000000,21893
RTSI,0,20190322,101128,1236.480000000,9475
RTSI,0,20190322,101129,1236.480000000,2331
RTSI,0,20190322,101130,1236.480000000,26
RTSI,0,20190322,101131,1236.470000000,7906
RTSI,0,20190322,101132,1236.470000000,249
RTSI,0,20190322,101133,1236.450000000,116
RTSI,0,20190322,101134,1236.440000000,0
RTSI,0,20190322,101135,1236.440000000,186
RTSI,0,20190322,101136,1236.460000000,3399
RTSI,0,20190322,101137,1236.460000000,0
RTSI,0,20190322,101138,1236.460000000,136
RTSI,0,20190322,101139,1236.460000000,0
RTSI,0,20190322,101140,1236.460000000,33
RTSI,0,20190322,101141,1236.420000000,777
RTSI,0,20190322,101142,1236.480000000,16898
RTSI,0,20190322,101143,1236.500000000,3827
RTSI,0,20190322,101144,1236.490000000,1789
RTSI,0,20190322,101145,1236.480000000,2245
RTSI,0,20190322,101146,1236.460000000,8262
RTSI,0,20190322,101147,1236.460000000,0
RTSI,0,20190322,101148,1236.460000000,39
RTSI,0,20190322,101149,1236.460000000,0
RTSI,0,20190322,101150,1236.450000000,69
RTSI,0,20190322,101151,1236.430000000,1732
RTSI,0,20190322,101152,1236.430000000,108
RTSI,0,20190322,101153,1236.420000000,19603
RTSI,0,20190322,101154,1236.420000000,13827
RTSI,0,20190322,101155,1236.480000000,13061
RTSI,0,20190322,101156,1236.640000000,47927
RTSI,0,20190322,101157,1236.630000000,68
RTSI,0,20190322,101158,1236.620000000,1060
RTSI,0,20190322,101159,1236.620000000,7605
RTSI,0,20190322,101200,1236.620000000,1079
RTSI,0,20190322,101201,1236.620000000,5881
RTSI,0,20190322,101202,1236.590000000,12082
RTSI,0,20190322,101203,1236.590000000,181
RTSI,0,20190322,101204,1236.600000000,17034
RTSI,0,20190322,101205,1236.650000000,12697
RTSI,0,20190322,101206,1236.640000000,0
RTSI,0,20190322,101207,1236.650000000,2107
RTSI,0,20190322,101208,1236.610000000,11821
RTSI,0,20190322,101209,1236.680000000,6383
RTSI,0,20190322,101210,1236.710000000,727
RTSI,0,20190322,101211,1236.710000000,670
RTSI,0,20190322,101212,1236.710000000,28
RTSI,0,20190322,101213,1236.640000000,3757
RTSI,0,20190322,101214,1236.640000000,5921
RTSI,0,20190322,101215,1236.640000000,354
RTSI,0,20190322,101216,1236.630000000,1635
RTSI,0,20190322,101217,1236.610000000,3396
RTSI,0,20190322,101218,1236.600000000,1288
RTSI,0,20190322,101219,1236.590000000,2329
RTSI,0,20190322,101220,1236.590000000,328
RTSI,0,20190322,101221,1236.610000000,474
RTSI,0,20190322,101222,1236.640000000,1157
RTSI,0,20190322,101223,1236.640000000,3007
RTSI,0,20190322,101224,1236.640000000,21562
RTSI,0,20190322,101225,1236.640000000,2757
RTSI,0,20190322,101226,1236.630000000,11422
RTSI,0,20190322,101227,1236.670000000,33073
RTSI,0,20190322,101228,1236.650000000,7593
RTSI,0,20190322,101229,1236.650000000,929
RTSI,0,20190322,101230,1236.660000000,1092
RTSI,0,20190322,101231,1236.630000000,2257
RTSI,0,20190322,101232,1236.580000000,738
RTSI,0,20190322,101233,1236.580000000,1172
RTSI,0,20190322,101234,1236.600000000,30455
RTSI,0,20190322,101235,1236.600000000,11037
RTSI,0,20190322,101236,1236.590000000,10559
RTSI,0,20190322,101237,1236.600000000,1182
RTSI,0,20190322,101238,1236.630000000,3638
RTSI,0,20190322,101239,1236.650000000,3232
RTSI,0,20190322,101240,1236.620000000,1113
RTSI,0,20190322,101241,1236.620000000,22
RTSI,0,20190322,101242,1236.680000000,1248
RTSI,0,20190322,101243,1236.680000000,929
RTSI,0,20190322,101244,1236.680000000,3083
RTSI,0,20190322,101245,1236.680000000,950
RTSI,0,20190322,101246,1236.680000000,1802
RTSI,0,20190322,101247,1236.680000000,0
RTSI,0,20190322,101248,1236.680000000,0
RTSI,0,20190322,101249,1236.730000000,2499
RTSI,0,20190322,101250,1236.730000000,1913
RTSI,0,20190322,101251,1236.720000000,2291
RTSI,0,20190322,101252,1236.720000000,46
RTSI,0,20190322,101253,1236.700000000,121930
RTSI,0,20190322,101254,1236.720000000,7964
RTSI,0,20190322,101255,1236.720000000,1802
RTSI,0,20190322,101256,1236.720000000,59
RTSI,0,20190322,101257,1236.630000000,35523
RTSI,0,20190322,101258,1236.620000000,2100
RTSI,0,20190322,101259,1236.620000000,2880
RTSI,0,20190322,101300,1236.560000000,8257
RTSI,0,20190322,101301,1236.560000000,106
RTSI,0,20190322,101302,1236.560000000,598
RTSI,0,20190322,101303,1236.430000000,4766
RTSI,0,20190322,101304,1236.450000000,263
RTSI,0,20190322,101305,1236.440000000,22691
RTSI,0,20190322,101306,1236.490000000,6731
RTSI,0,20190322,101307,1236.460000000,2402
RTSI,0,20190322,101308,1236.530000000,1395
RTSI,0,20190322,101309,1236.560000000,485
RTSI,0,20190322,101310,1236.560000000,853
RTSI,0,20190322,101311,1236.600000000,7877
RTSI,0,20190322,101312,1236.620000000,2972
RTSI,0,20190322,101313,1236.630000000,1350
RTSI,0,20190322,101314,1236.640000000,307
RTSI,0,20190322,101315,1236.650000000,618
RTSI,0,20190322,101316,1236.670000000,142
RTSI,0,20190322,101317,1236.610000000,8866
RTSI,0,20190322,101318,1236.580000000,17069
RTSI,0,20190322,101319,1236.550000000,3302
RTSI,0,20190322,101320,1236.600000000,36181
RTSI,0,20190322,101321,1236.650000000,1249
RTSI,0,20190322,101322,1236.660000000,12835
RTSI,0,20190322,101323,1236.680000000,4715
RTSI,0,20190322,101324,1236.700000000,1891
RTSI,0,20190322,101325,1236.690000000,390
RTSI,0,20190322,101326,1236.680000000,3838
RTSI,0,20190322,101327,1236.680000000,329
RTSI,0,20190322,101328,1236.630000000,13368
RTSI,0,20190322,101329,1236.590000000,3803
RTSI,0,20190322,101330,1236.650000000,34704
RTSI,0,20190322,101331,1236.670000000,4439
RTSI,0,20190322,101332,1236.620000000,2818
RTSI,0,20190322,101333,1236.670000000,18406
RTSI,0,20190322,101334,1236.640000000,1464
RTSI,0,20190322,101335,1236.710000000,12179
RTSI,0,20190322,101336,1236.750000000,4516
RTSI,0,20190322,101337,1236.780000000,10619
RTSI,0,20190322,101338,1236.780000000,2173
RTSI,0,20190322,101339,1236.780000000,10579
RTSI,0,20190322,101340,1236.720000000,3816
RTSI,0,20190322,101341,1236.710000000,518
RTSI,0,20190322,101342,1236.680000000,8341
RTSI,0,20190322,101343,1236.730000000,7240
RTSI,0,20190322,101344,1236.740000000,10989
RTSI,0,20190322,101345,1236.650000000,2588
RTSI,0,20190322,101346,1236.700000000,964
RTSI,0,20190322,101347,1236.700000000,11976
RTSI,0,20190322,101348,1236.700000000,23
RTSI,0,20190322,101349,1236.750000000,183
RTSI,0,20190322,101350,1236.750000000,28953
RTSI,0,20190322,101351,1236.750000000,626
RTSI,0,20190322,101352,1236.760000000,4930
RTSI,0,20190322,101353,1236.780000000,15467
RTSI,0,20190322,101354,1236.780000000,1074
RTSI,0,20190322,101355,1236.760000000,8942
RTSI,0,20190322,101356,1236.730000000,15029
RTSI,0,20190322,101357,1236.720000000,8781
RTSI,0,20190322,101358,1236.740000000,10794
RTSI,0,20190322,101359,1236.760000000,6620
RTSI,0,20190322,101400,1236.760000000,560
RTSI,0,20190322,101401,1236.750000000,4742
RTSI,0,20190322,101402,1236.800000000,1259
RTSI,0,20190322,101403,1236.810000000,6450
RTSI,0,20190322,101404,1236.810000000,2164
RTSI,0,20190322,101405,1236.800000000,5924
RTSI,0,20190322,101406,1236.800000000,28
RTSI,0,20190322,101407,1236.830000000,9719
RTSI,0,20190322,101408,1236.840000000,7149
RTSI,0,20190322,101409,1236.830000000,8317
RTSI,0,20190322,101410,1236.840000000,565
RTSI,0,20190322,101411,1236.850000000,53367
RTSI,0,20190322,101412,1236.890000000,23113
RTSI,0,20190322,101413,1236.900000000,25289
RTSI,0,20190322,101414,1236.930000000,8446
RTSI,0,20190322,101415,1236.920000000,13373
RTSI,0,20190322,101416,1236.920000000,7456
RTSI,0,20190322,101417,1236.950000000,14210
RTSI,0,20190322,101418,1236.880000000,15445
RTSI,0,20190322,101419,1236.890000000,188536
RTSI,0,20190322,101420,1236.930000000,3603
RTSI,0,20190322,101421,1236.940000000,22955
RTSI,0,20190322,101422,1236.960000000,52672
RTSI,0,20190322,101423,1236.920000000,22851
RTSI,0,20190322,101424,1236.920000000,3409
RTSI,0,20190322,101425,1236.920000000,169
RTSI,0,20190322,101426,1236.940000000,3847
RTSI,0,20190322,101427,1236.940000000,8400
RTSI,0,20190322,101428,1236.940000000,12363
RTSI,0,20190322,101429,1236.940000000,174
RTSI,0,20190322,101430,1236.910000000,16804
RTSI,0,20190322,101431,1236.940000000,6235
RTSI,0,20190322,101432,1236.010000000,486461
RTSI,0,20190322,101433,1236.010000000,14236
RTSI,0,20190322,101434,1236.010000000,4522
RTSI,0,20190322,101435,1236.130000000,3807
RTSI,0,20190322,101436,1236.110000000,14389
RTSI,0,20190322,101437,1236.100000000,801
RTSI,0,20190322,101438,1236.110000000,78
RTSI,0,20190322,101439,1236.090000000,155
RTSI,0,20190322,101440,1236.130000000,26116
RTSI,0,20190322,101441,1236.140000000,2251
RTSI,0,20190322,101442,1236.250000000,6389
RTSI,0,20190322,101443,1236.250000000,906
RTSI,0,20190322,101444,1236.230000000,3088
RTSI,0,20190322,101445,1236.240000000,569
RTSI,0,20190322,101446,1236.240000000,240
RTSI,0,20190322,101447,1236.240000000,560
RTSI,0,20190322,101448,1236.210000000,768
RTSI,0,20190322,101449,1236.180000000,633
RTSI,0,20190322,101450,1236.210000000,3269
RTSI,0,20190322,101451,1236.220000000,31670
RTSI,0,20190322,101452,1236.210000000,14829
RTSI,0,20190322,101453,1236.180000000,9359
RTSI,0,20190322,101454,1236.190000000,18220
RTSI,0,20190322,101455,1236.180000000,5262
RTSI,0,20190322,101456,1236.230000000,206
RTSI,0,20190322,101457,1236.300000000,270
RTSI,0,20190322,101458,1236.310000000,125
RTSI,0,20190322,101459,1236.400000000,12980
RTSI,0,20190322,101500,1236.400000000,0
RTSI,0,20190322,101501,1236.400000000,0
RTSI,0,20190322,101502,1236.410000000,23903
RTSI,0,20190322,101503,1236.430000000,17801
RTSI,0,20190322,101504,1236.470000000,899
RTSI,0,20190322,101505,1236.470000000,631
RTSI,0,20190322,101506,1236.440000000,9586
RTSI,0,20190322,101507,1236.430000000,718
RTSI,0,20190322,101508,1236.450000000,11518
RTSI,0,20190322,101509,1236.470000000,2483
RTSI,0,20190322,101510,1236.470000000,198
RTSI,0,20190322,101511,1236.470000000,38584
RTSI,0,20190322,101512,1236.450000000,27322
RTSI,0,20190322,101513,1236.450000000,4336
RTSI,0,20190322,101514,1236.450000000,2491
RTSI,0,20190322,101515,1236.380000000,342
RTSI,0,20190322,101516,1236.340000000,4787
RTSI,0,20190322,101517,1236.290000000,9147
RTSI,0,20190322,101518,1236.300000000,2232
RTSI,0,20190322,101519,1236.330000000,739
RTSI,0,20190322,101520,1236.390000000,20409
RTSI,0,20190322,101521,1236.390000000,9
RTSI,0,20190322,101522,1236.390000000,397
RTSI,0,20190322,101523,1236.390000000,3838
RTSI,0,20190322,101524,1236.370000000,1979
RTSI,0,20190322,101525,1236.380000000,27
RTSI,0,20190322,101526,1236.330000000,20672
RTSI,0,20190322,101527,1236.320000000,1385
RTSI,0,20190322,101528,1236.330000000,2344
RTSI,0,20190322,101529,1236.320000000,45114
RTSI,0,20190322,101530,1236.310000000,20719
RTSI,0,20190322,101531,1236.310000000,71
RTSI,0,20190322,101532,1236.340000000,240
RTSI,0,20190322,101533,1236.320000000,2095
RTSI,0,20190322,101534,1236.320000000,9492
RTSI,0,20190322,101535,1236.320000000,2840
RTSI,0,20190322,101536,1236.310000000,8191
RTSI,0,20190322,101537,1236.320000000,17997
RTSI,0,20190322,101538,1236.310000000,443
RTSI,0,20190322,101539,1236.310000000,8862
RTSI,0,20190322,101540,1236.320000000,45723
RTSI,0,20190322,101541,1236.260000000,48
RTSI,0,20190322,101542,1236.260000000,3023
RTSI,0,20190322,101543,1236.250000000,2943
RTSI,0,20190322,101544,1235.570000000,219750
RTSI,0,20190322,101545,1235.560000000,16161
RTSI,0,20190322,101546,1235.660000000,10657
RTSI,0,20190322,101547,1235.740000000,30272
RTSI,0,20190322,101548,1235.770000000,20205
RTSI,0,20190322,101549,1235.770000000,244789
RTSI,0,20190322,101550,1235.790000000,31013
RTSI,0,20190322,101551,1235.820000000,9054
RTSI,0,20190322,101552,1235.820000000,9804
RTSI,0,20190322,101553,1235.830000000,613
RTSI,0,20190322,101554,1235.840000000,1706
RTSI,0,20190322,101555,1235.870000000,2599
RTSI,0,20190322,101556,1235.920000000,8583
RTSI,0,20190322,101557,1235.910000000,4919
RTSI,0,20190322,101558,1235.900000000,10951
RTSI,0,20190322,101559,1235.900000000,83
RTSI,0,20190322,101600,1235.830000000,26965
RTSI,0,20190322,101601,1235.970000000,14300
RTSI,0,20190322,101602,1236.000000000,214509
RTSI,0,20190322,101603,1236.080000000,39532
RTSI,0,20190322,101604,1236.080000000,43439
RTSI,0,20190322,101605,1236.070000000,26145
RTSI,0,20190322,101606,1236.070000000,2710
RTSI,0,20190322,101607,1236.100000000,53004
RTSI,0,20190322,101608,1236.100000000,30
RTSI,0,20190322,101609,1236.070000000,5117
RTSI,0,20190322,101610,1236.080000000,1586
RTSI,0,20190322,101611,1236.080000000,1790
RTSI,0,20190322,101612,1236.080000000,58
RTSI,0,20190322,101613,1236.060000000,2786
RTSI,0,20190322,101614,1236.060000000,0
RTSI,0,20190322,101615,1236.070000000,66
RTSI,0,20190322,101616,1236.100000000,81546
RTSI,0,20190322,101617,1236.180000000,118475
RTSI,0,20190322,101618,1236.070000000,62114
RTSI,0,20190322,101619,1236.070000000,2984
RTSI,0,20190322,101620,1236.050000000,18000
RTSI,0,20190322,101621,1236.060000000,1336
RTSI,0,20190322,101622,1236.070000000,134
RTSI,0,20190322,101623,1236.060000000,3301
RTSI,0,20190322,101624,1236.200000000,23577
RTSI,0,20190322,101625,1236.210000000,3152
RTSI,0,20190322,101626,1236.180000000,16116
RTSI,0,20190322,101627,1236.180000000,11
RTSI,0,20190322,101628,1236.190000000,1047
RTSI,0,20190322,101629,1236.190000000,10634
RTSI,0,20190322,101630,1236.200000000,11696
RTSI,0,20190322,101631,1236.300000000,65799
RTSI,0,20190322,101632,1236.320000000,25643
RTSI,0,20190322,101633,1236.320000000,13344
RTSI,0,20190322,101634,1236.340000000,2784
RTSI,0,20190322,101635,1236.330000000,19680
RTSI,0,20190322,101636,1236.370000000,8243
RTSI,0,20190322,101637,1236.370000000,57033
RTSI,0,20190322,101638,1236.380000000,17092
RTSI,0,20190322,101639,1236.380000000,11782
RTSI,0,20190322,101640,1236.400000000,1211
RTSI,0,20190322,101641,1236.390000000,175
RTSI,0,20190322,101642,1236.380000000,1159
RTSI,0,20190322,101643,1236.410000000,2842
RTSI,0,20190322,101644,1236.440000000,5018
RTSI,0,20190322,101645,1236.450000000,26673
RTSI,0,20190322,101646,1236.430000000,13332
RTSI,0,20190322,101647,1236.430000000,17063
RTSI,0,20190322,101648,1236.420000000,33
RTSI,0,20190322,101649,1236.450000000,123677
RTSI,0,20190322,101650,1236.420000000,29683
RTSI,0,20190322,101651,1236.410000000,33
RTSI,0,20190322,101652,1236.370000000,9953
RTSI,0,20190322,101653,1236.410000000,2847
RTSI,0,20190322,101654,1236.420000000,1051
RTSI,0,20190322,101655,1236.420000000,184
RTSI,0,20190322,101656,1236.410000000,21064
RTSI,0,20190322,101657,1236.380000000,14507
RTSI,0,20190322,101658,1236.380000000,31444
RTSI,0,20190322,101659,1236.400000000,4398
RTSI,0,20190322,101700,1236.390000000,9820
RTSI,0,20190322,101701,1236.390000000,428
RTSI,0,20190322,101702,1236.370000000,4621
RTSI,0,20190322,101703,1236.370000000,67
RTSI,0,20190322,101704,1236.370000000,0
RTSI,0,20190322,101705,1236.330000000,3194
RTSI,0,20190322,101706,1236.320000000,17451
RTSI,0,20190322,101707,1236.380000000,13777
RTSI,0,20190322,101708,1236.380000000,885
RTSI,0,20190322,101709,1236.420000000,16698
RTSI,0,20190322,101710,1236.420000000,229
RTSI,0,20190322,101711,1236.430000000,27414
RTSI,0,20190322,101712,1236.420000000,135
RTSI,0,20190322,101713,1236.430000000,5886
RTSI,0,20190322,101714,1236.430000000,8915
RTSI,0,20190322,101715,1236.450000000,5386
RTSI,0,20190322,101716,1236.450000000,23036
RTSI,0,20190322,101717,1236.450000000,13532
RTSI,0,20190322,101718,1236.380000000,80120
RTSI,0,20190322,101719,1236.400000000,3875
RTSI,0,20190322,101720,1236.400000000,3301
RTSI,0,20190322,101721,1236.400000000,0
RTSI,0,20190322,101722,1236.410000000,3759
RTSI,0,20190322,101723,1236.390000000,585
RTSI,0,20190322,101724,1236.400000000,16884
RTSI,0,20190322,101725,1236.410000000,8550
RTSI,0,20190322,101726,1236.410000000,10548
RTSI,0,20190322,101727,1236.420000000,483
RTSI,0,20190322,101728,1236.420000000,2640
RTSI,0,20190322,101729,1236.440000000,3040
RTSI,0,20190322,101730,1236.210000000,106355
RTSI,0,20190322,101731,1236.200000000,29737
RTSI,0,20190322,101732,1236.240000000,7702
RTSI,0,20190322,101733,1236.270000000,10321
RTSI,0,20190322,101734,1236.280000000,3667
RTSI,0,20190322,101735,1236.230000000,2748
RTSI,0,20190322,101736,1236.260000000,1548
RTSI,0,20190322,101737,1236.250000000,56579
RTSI,0,20190322,101739,1236.330000000,45474
RTSI,0,20190322,101740,1236.360000000,13399
RTSI,0,20190322,101741,1236.430000000,3902
RTSI,0,20190322,101742,1236.440000000,162
RTSI,0,20190322,101743,1236.440000000,3530
RTSI,0,20190322,101744,1236.390000000,1554
RTSI,0,20190322,101745,1236.450000000,481
RTSI,0,20190322,101746,1236.430000000,7265
RTSI,0,20190322,101747,1236.430000000,59
RTSI,0,20190322,101748,1236.440000000,98
RTSI,0,20190322,101749,1236.460000000,3345
RTSI,0,20190322,101750,1236.310000000,86345
RTSI,0,20190322,101751,1236.320000000,7091
RTSI,0,20190322,101752,1236.350000000,99318
RTSI,0,20190322,101753,1236.260000000,4105
RTSI,0,20190322,101754,1236.290000000,13941
RTSI,0,20190322,101755,1236.290000000,1120
RTSI,0,20190322,101756,1236.280000000,7815
RTSI,0,20190322,101757,1236.290000000,4763
RTSI,0,20190322,101758,1236.390000000,29031
RTSI,0,20190322,101759,1236.380000000,31
RTSI,0,20190322,101800,1236.370000000,1984
RTSI,0,20190322,101801,1236.390000000,5008
RTSI,0,20190322,101802,1236.430000000,11634
RTSI,0,20190322,101803,1236.440000000,118
RTSI,0,20190322,101804,1236.450000000,996
RTSI,0,20190322,101805,1236.450000000,768
RTSI,0,20190322,101806,1236.460000000,3438
RTSI,0,20190322,101807,1236.470000000,19491
RTSI,0,20190322,101808,1236.450000000,3174
RTSI,0,20190322,101809,1236.480000000,585
RTSI,0,20190322,101810,1236.470000000,7114
RTSI,0,20190322,101811,1236.480000000,6183
RTSI,0,20190322,101812,1236.500000000,4542
RTSI,0,20190322,101813,1236.500000000,0
RTSI,0,20190322,101814,1236.500000000,756
RTSI,0,20190322,101815,1236.490000000,22297
RTSI,0,20190322,101816,1236.540000000,8855
RTSI,0,20190322,101817,1236.490000000,7629
RTSI,0,20190322,101818,1236.500000000,20559
RTSI,0,20190322,101819,1236.550000000,20302
RTSI,0,20190322,101820,1236.590000000,10512
RTSI,0,20190322,101821,1236.610000000,4045
RTSI,0,20190322,101822,1236.590000000,1716
RTSI,0,20190322,101823,1236.620000000,8244
RTSI,0,20190322,101824,1236.600000000,7416
RTSI,0,20190322,101825,1236.630000000,13218
RTSI,0,20190322,101826,1236.650000000,25404
RTSI,0,20190322,101827,1236.630000000,1358
RTSI,0,20190322,101828,1236.620000000,1832
RTSI,0,20190322,101829,1236.620000000,4597
RTSI,0,20190322,101830,1236.650000000,5906
RTSI,0,20190322,101831,1236.660000000,1626
RTSI,0,20190322,101832,1236.640000000,4552
RTSI,0,20190322,101833,1236.650000000,8978
RTSI,0,20190322,101834,1236.650000000,1013
RTSI,0,20190322,101835,1236.640000000,1225
RTSI,0,20190322,101836,1236.550000000,13273
RTSI,0,20190322,101837,1236.550000000,32931
RTSI,0,20190322,101838,1236.540000000,908
RTSI,0,20190322,101839,1236.530000000,23619
RTSI,0,20190322,101840,1236.530000000,609
RTSI,0,20190322,101841,1236.560000000,1422
RTSI,0,20190322,101842,1236.570000000,785
RTSI,0,20190322,101843,1236.570000000,707
RTSI,0,20190322,101844,1236.580000000,5516
RTSI,0,20190322,101845,1236.580000000,572
RTSI,0,20190322,101846,1236.540000000,28936
RTSI,0,20190322,101847,1236.570000000,7700
RTSI,0,20190322,101848,1236.600000000,6169
RTSI,0,20190322,101849,1236.600000000,6043
RTSI,0,20190322,101850,1236.600000000,7522
RTSI,0,20190322,101851,1236.600000000,1254
RTSI,0,20190322,101852,1236.550000000,36405
RTSI,0,20190322,101853,1236.580000000,3
RTSI,0,20190322,101854,1236.570000000,1706
RTSI,0,20190322,101855,1236.570000000,0
RTSI,0,20190322,101856,1236.590000000,1458
RTSI,0,20190322,101857,1236.600000000,2621
RTSI,0,20190322,101858,1236.570000000,833
RTSI,0,20190322,101859,1236.570000000,2669
RTSI,0,20190322,101900,1236.600000000,5276
RTSI,0,20190322,101901,1236.590000000,393
RTSI,0,20190322,101902,1236.600000000,40
RTSI,0,20190322,101903,1236.610000000,6853
RTSI,0,20190322,101904,1236.620000000,454
RTSI,0,20190322,101905,1236.630000000,699
RTSI,0,20190322,101906,1236.620000000,5265
RTSI,0,20190322,101907,1236.630000000,32079
RTSI,0,20190322,101908,1236.630000000,2808
RTSI,0,20190322,101909,1236.670000000,28563
RTSI,0,20190322,101910,1236.670000000,10904
RTSI,0,20190322,101911,1236.660000000,12488
RTSI,0,20190322,101912,1236.640000000,9911
RTSI,0,20190322,101913,1236.670000000,3326
RTSI,0,20190322,101914,1236.690000000,6090
RTSI,0,20190322,101915,1236.690000000,7001
RTSI,0,20190322,101916,1236.680000000,1097
RTSI,0,20190322,101917,1236.750000000,3101
RTSI,0,20190322,101918,1236.730000000,2693
RTSI,0,20190322,101919,1236.770000000,1076
RTSI,0,20190322,101920,1236.770000000,10156
RTSI,0,20190322,101921,1236.790000000,15070
RTSI,0,20190322,101922,1236.660000000,13438
RTSI,0,20190322,101923,1236.700000000,510
RTSI,0,20190322,101924,1236.700000000,575
RTSI,0,20190322,101925,1236.670000000,719
RTSI,0,20190322,101926,1236.640000000,24807
RTSI,0,20190322,101927,1236.670000000,5925
RTSI,0,20190322,101928,1236.670000000,0
RTSI,0,20190322,101929,1236.700000000,912
RTSI,0,20190322,101930,1236.690000000,553
RTSI,0,20190322,101931,1236.730000000,6388
RTSI,0,20190322,101932,1236.770000000,36592
RTSI,0,20190322,101933,1236.740000000,3272
RTSI,0,20190322,101934,1236.730000000,0
RTSI,0,20190322,101935,1236.770000000,577
RTSI,0,20190322,101936,1236.860000000,58965
RTSI,0,20190322,101937,1236.860000000,571
RTSI,0,20190322,101938,1236.860000000,0
RTSI,0,20190322,101939,1236.860000000,0
RTSI,0,20190322,101940,1236.860000000,235
RTSI,0,20190322,101941,1236.910000000,46669
RTSI,0,20190322,101942,1236.920000000,1622
RTSI,0,20190322,101943,1236.930000000,2338
RTSI,0,20190322,101944,1236.920000000,8171
RTSI,0,20190322,101945,1236.920000000,6944
RTSI,0,20190322,101946,1236.920000000,0
RTSI,0,20190322,101947,1236.890000000,4977
RTSI,0,20190322,101948,1236.860000000,273
RTSI,0,20190322,101949,1236.860000000,15081
RTSI,0,20190322,101950,1236.870000000,55
RTSI,0,20190322,101951,1236.830000000,353
RTSI,0,20190322,101952,1236.840000000,5001
RTSI,0,20190322,101953,1236.850000000,5139
RTSI,0,20190322,101954,1236.840000000,0
RTSI,0,20190322,101955,1236.830000000,700
RTSI,0,20190322,101956,1236.830000000,731
RTSI,0,20190322,101957,1236.830000000,201
RTSI,0,20190322,101958,1236.830000000,6637
RTSI,0,20190322,101959,1236.780000000,22353
RTSI,0,20190322,102000,1236.760000000,4225
RTSI,0,20190322,102001,1236.830000000,67117
RTSI,0,20190322,102002,1236.870000000,44567
RTSI,0,20190322,102003,1236.950000000,67977
RTSI,0,20190322,102004,1236.910000000,5095
RTSI,0,20190322,102005,1236.940000000,2851
RTSI,0,20190322,102006,1236.890000000,2536
RTSI,0,20190322,102007,1236.950000000,287
RTSI,0,20190322,102008,1236.930000000,65769
RTSI,0,20190322,102009,1236.910000000,63720
RTSI,0,20190322,102010,1236.860000000,3835
RTSI,0,20190322,102011,1236.770000000,7800
RTSI,0,20190322,102012,1236.780000000,1131
RTSI,0,20190322,102013,1236.810000000,34264
RTSI,0,20190322,102014,1236.810000000,25667
RTSI,0,20190322,102015,1236.840000000,2427
RTSI,0,20190322,102016,1236.840000000,1228
RTSI,0,20190322,102017,1236.830000000,1944
RTSI,0,20190322,102018,1236.800000000,3865
RTSI,0,20190322,102019,1236.770000000,4993
RTSI,0,20190322,102020,1236.770000000,6895
RTSI,0,20190322,102021,1236.770000000,28549
RTSI,0,20190322,102022,1236.760000000,1503
RTSI,0,20190322,102023,1236.760000000,3703
RTSI,0,20190322,102024,1236.760000000,9921
RTSI,0,20190322,102025,1236.770000000,2955
RTSI,0,20190322,102026,1236.810000000,6165
RTSI,0,20190322,102027,1236.800000000,3495
RTSI,0,20190322,102028,1236.790000000,11026
RTSI,0,20190322,102029,1236.770000000,33895
RTSI,0,20190322,102030,1236.600000000,64518
RTSI,0,20190322,102031,1236.580000000,3515
RTSI,0,20190322,102032,1236.600000000,2821
RTSI,0,20190322,102033,1236.570000000,100
RTSI,0,20190322,102034,1236.570000000,673
RTSI,0,20190322,102035,1236.660000000,9135
RTSI,0,20190322,102036,1236.640000000,69167
RTSI,0,20190322,102037,1236.630000000,1860
RTSI,0,20190322,102038,1236.640000000,370
RTSI,0,20190322,102039,1236.700000000,300
RTSI,0,20190322,102040,1236.710000000,927
RTSI,0,20190322,102041,1236.680000000,1628
RTSI,0,20190322,102042,1236.570000000,195597
RTSI,0,20190322,102043,1236.490000000,52029
RTSI,0,20190322,102044,1236.540000000,73
RTSI,0,20190322,102045,1236.500000000,257
RTSI,0,20190322,102046,1236.490000000,4467
RTSI,0,20190322,102047,1236.480000000,58
RTSI,0,20190322,102048,1236.510000000,15389
RTSI,0,20190322,102049,1236.510000000,5430
RTSI,0,20190322,102050,1236.510000000,14139
RTSI,0,20190322,102051,1236.490000000,16321
RTSI,0,20190322,102052,1236.440000000,6451
RTSI,0,20190322,102053,1236.420000000,13896
RTSI,0,20190322,102054,1236.410000000,2664
RTSI,0,20190322,102055,1236.400000000,18087
RTSI,0,20190322,102056,1236.420000000,39251
RTSI,0,20190322,102057,1236.420000000,7178
RTSI,0,20190322,102058,1236.430000000,14807
RTSI,0,20190322,102059,1236.400000000,65576
RTSI,0,20190322,102100,1236.390000000,16795
RTSI,0,20190322,102101,1236.340000000,5658
RTSI,0,20190322,102102,1236.350000000,42409
RTSI,0,20190322,102103,1236.360000000,2468
RTSI,0,20190322,102104,1236.330000000,6361
RTSI,0,20190322,102105,1236.340000000,12735
RTSI,0,20190322,102106,1236.270000000,5746
RTSI,0,20190322,102107,1236.270000000,823
RTSI,0,20190322,102108,1236.270000000,0
RTSI,0,20190322,102109,1236.250000000,8589
RTSI,0,20190322,102110,1236.280000000,7453
RTSI,0,20190322,102111,1236.290000000,8920
RTSI,0,20190322,102112,1236.350000000,2864
RTSI,0,20190322,102113,1236.300000000,2716
RTSI,0,20190322,102114,1236.310000000,515
RTSI,0,20190322,102115,1236.320000000,6209
RTSI,0,20190322,102116,1236.330000000,11103
RTSI,0,20190322,102117,1236.300000000,37152
RTSI,0,20190322,102118,1236.340000000,19658
RTSI,0,20190322,102119,1236.350000000,3778
RTSI,0,20190322,102120,1236.370000000,8504
RTSI,0,20190322,102121,1236.380000000,1381
RTSI,0,20190322,102122,1236.370000000,1520
RTSI,0,20190322,102123,1236.370000000,0
RTSI,0,20190322,102124,1236.440000000,13038
RTSI,0,20190322,102125,1236.420000000,3281
RTSI,0,20190322,102126,1236.410000000,6876
RTSI,0,20190322,102127,1236.410000000,290
RTSI,0,20190322,102128,1236.410000000,30
RTSI,0,20190322,102129,1236.410000000,22155
RTSI,0,20190322,102130,1236.420000000,1558
RTSI,0,20190322,102131,1236.430000000,584
RTSI,0,20190322,102132,1236.410000000,8103
RTSI,0,20190322,102133,1236.410000000,2426
RTSI,0,20190322,102134,1236.430000000,31025
RTSI,0,20190322,102135,1236.450000000,1979
RTSI,0,20190322,102136,1236.440000000,8037
RTSI,0,20190322,102137,1236.440000000,0
RTSI,0,20190322,102138,1236.450000000,180
RTSI,0,20190322,102139,1236.450000000,975
RTSI,0,20190322,102140,1236.450000000,9672
RTSI,0,20190322,102141,1236.480000000,2179
RTSI,0,20190322,102142,1236.450000000,9484
RTSI,0,20190322,102143,1236.450000000,814
RTSI,0,20190322,102144,1236.440000000,1205
RTSI,0,20190322,102145,1236.470000000,4324
RTSI,0,20190322,102146,1236.450000000,277
RTSI,0,20190322,102147,1236.490000000,5708
RTSI,0,20190322,102148,1236.500000000,87799
RTSI,0,20190322,102149,1236.510000000,761
RTSI,0,20190322,102150,1236.510000000,55181
RTSI,0,20190322,102151,1236.470000000,2625
RTSI,0,20190322,102152,1236.450000000,2844
RTSI,0,20190322,102153,1236.450000000,53
RTSI,0,20190322,102154,1236.450000000,549
RTSI,0,20190322,102155,1236.480000000,15248
RTSI,0,20190322,102156,1236.460000000,3261
RTSI,0,20190322,102157,1236.450000000,3458
RTSI,0,20190322,102158,1236.450000000,3381
RTSI,0,20190322,102159,1236.450000000,5350
RTSI,0,20190322,102200,1236.470000000,14617
RTSI,0,20190322,102201,1236.510000000,41141
RTSI,0,20190322,102202,1236.510000000,10497
RTSI,0,20190322,102203,1236.500000000,7868
RTSI,0,20190322,102204,1236.500000000,53
RTSI,0,20190322,102205,1236.500000000,19361
RTSI,0,20190322,102206,1236.410000000,62553
RTSI,0,20190322,102207,1236.390000000,4781
RTSI,0,20190322,102208,1236.340000000,4033
RTSI,0,20190322,102209,1236.330000000,1214
RTSI,0,20190322,102210,1236.350000000,19119
RTSI,0,20190322,102211,1236.350000000,6334
RTSI,0,20190322,102212,1236.290000000,17020
RTSI,0,20190322,102213,1236.290000000,3839
RTSI,0,20190322,102214,1236.290000000,0
RTSI,0,20190322,102215,1236.290000000,8767
RTSI,0,20190322,102216,1236.290000000,786
RTSI,0,20190322,102217,1236.310000000,4161
RTSI,0,20190322,102218,1236.310000000,71
RTSI,0,20190322,102219,1236.290000000,2311
RTSI,0,20190322,102220,1236.290000000,7696
RTSI,0,20190322,102221,1236.290000000,677
RTSI,0,20190322,102222,1236.290000000,6803
RTSI,0,20190322,102223,1236.270000000,763
RTSI,0,20190322,102224,1236.260000000,293
RTSI,0,20190322,102225,1236.370000000,13421
RTSI,0,20190322,102226,1236.380000000,32304
RTSI,0,20190322,102227,1236.380000000,0
RTSI,0,20190322,102228,1236.380000000,0
RTSI,0,20190322,102229,1236.380000000,1496
RTSI,0,20190322,102230,1236.350000000,3014
RTSI,0,20190322,102231,1236.400000000,3132
RTSI,0,20190322,102232,1236.400000000,482
RTSI,0,20190322,102233,1236.460000000,6538
RTSI,0,20190322,102234,1236.460000000,1313
RTSI,0,20190322,102235,1236.460000000,1184
RTSI,0,20190322,102236,1236.470000000,8290
RTSI,0,20190322,102237,1236.470000000,2406
RTSI,0,20190322,102238,1236.470000000,2342
RTSI,0,20190322,102239,1236.490000000,29080
RTSI,0,20190322,102240,1236.480000000,18979
RTSI,0,20190322,102241,1236.470000000,1417
RTSI,0,20190322,102242,1236.470000000,4419
RTSI,0,20190322,102243,1236.460000000,2910
RTSI,0,20190322,102244,1236.340000000,29520
RTSI,0,20190322,102245,1236.330000000,10895
RTSI,0,20190322,102246,1236.290000000,4018
RTSI,0,20190322,102247,1236.290000000,5855
RTSI,0,20190322,102248,1236.290000000,8279
RTSI,0,20190322,102249,1236.260000000,573
RTSI,0,20190322,102250,1236.210000000,38122
RTSI,0,20190322,102251,1236.180000000,3098
RTSI,0,20190322,102252,1236.180000000,817
RTSI,0,20190322,102253,1236.400000000,47503
RTSI,0,20190322,102254,1236.400000000,64
RTSI,0,20190322,102255,1236.410000000,5725
RTSI,0,20190322,102256,1236.410000000,571
RTSI,0,20190322,102257,1236.410000000,2314
RTSI,0,20190322,102258,1236.400000000,221
RTSI,0,20190322,102259,1236.400000000,0
RTSI,0,20190322,102300,1236.400000000,1703
RTSI,0,20190322,102301,1236.410000000,45
RTSI,0,20190322,102302,1236.390000000,653
RTSI,0,20190322,102303,1236.390000000,774
RTSI,0,20190322,102304,1236.310000000,51949
RTSI,0,20190322,102305,1236.300000000,4199
RTSI,0,20190322,102306,1236.360000000,438
RTSI,0,20190322,102307,1236.380000000,1579
RTSI,0,20190322,102308,1236.350000000,66
RTSI,0,20190322,102309,1236.400000000,21407
RTSI,0,20190322,102310,1236.400000000,1435
RTSI,0,20190322,102311,1236.390000000,97
RTSI,0,20190322,102312,1236.390000000,90
RTSI,0,20190322,102313,1236.400000000,1317
RTSI,0,20190322,102314,1236.390000000,5120
RTSI,0,20190322,102315,1236.410000000,2026
RTSI,0,20190322,102316,1236.410000000,452
RTSI,0,20190322,102317,1236.410000000,3516
RTSI,0,20190322,102318,1236.410000000,214
RTSI,0,20190322,102319,1236.430000000,2003
RTSI,0,20190322,102320,1236.430000000,3087
RTSI,0,20190322,102321,1236.430000000,0
RTSI,0,20190322,102322,1236.430000000,1771
RTSI,0,20190322,102323,1236.420000000,2878
RTSI,0,20190322,102324,1236.420000000,599
RTSI,0,20190322,102325,1236.440000000,1669
RTSI,0,20190322,102326,1236.440000000,40
RTSI,0,20190322,102327,1236.430000000,7582
RTSI,0,20190322,102328,1236.400000000,38242
RTSI,0,20190322,102329,1236.390000000,19498
RTSI,0,20190322,102330,1236.400000000,5047
RTSI,0,20190322,102331,1236.420000000,1864
RTSI,0,20190322,102332,1236.410000000,1579
RTSI,0,20190322,102333,1236.410000000,0
RTSI,0,20190322,102334,1236.410000000,3952
RTSI,0,20190322,102335,1236.410000000,4482
RTSI,0,20190322,102336,1236.370000000,3591
RTSI,0,20190322,102337,1236.370000000,3609
RTSI,0,20190322,102338,1236.400000000,10730
RTSI,0,20190322,102339,1236.380000000,9154
RTSI,0,20190322,102340,1236.350000000,37306
RTSI,0,20190322,102341,1236.360000000,644
RTSI,0,20190322,102342,1236.360000000,0
RTSI,0,20190322,102343,1236.340000000,3472
RTSI,0,20190322,102344,1236.310000000,1965
RTSI,0,20190322,102345,1236.310000000,5367
RTSI,0,20190322,102346,1236.310000000,1318
RTSI,0,20190322,102347,1236.320000000,1169
RTSI,0,20190322,102348,1236.340000000,1320
RTSI,0,20190322,102349,1236.350000000,261
RTSI,0,20190322,102350,1236.350000000,3369
RTSI,0,20190322,102351,1236.360000000,415
RTSI,0,20190322,102352,1236.350000000,2263
RTSI,0,20190322,102353,1235.920000000,102826
RTSI,0,20190322,102354,1235.920000000,2175
RTSI,0,20190322,102355,1235.950000000,1168
RTSI,0,20190322,102356,1235.880000000,6803
RTSI,0,20190322,102357,1235.880000000,211
RTSI,0,20190322,102358,1235.880000000,40
RTSI,0,20190322,102359,1235.850000000,4525
RTSI,0,20190322,102400,1235.850000000,4673
RTSI,0,20190322,102401,1235.850000000,33
RTSI,0,20190322,102402,1235.850000000,373
RTSI,0,20190322,102403,1236.220000000,23805
RTSI,0,20190322,102404,1236.230000000,2968
RTSI,0,20190322,102405,1236.180000000,14321
RTSI,0,20190322,102406,1236.180000000,4405
RTSI,0,20190322,102407,1236.190000000,2970
RTSI,0,20190322,102408,1236.180000000,841
RTSI,0,20190322,102409,1236.180000000,184
RTSI,0,20190322,102410,1236.150000000,4435
RTSI,0,20190322,102411,1236.150000000,660
RTSI,0,20190322,102412,1236.170000000,2763
RTSI,0,20190322,102413,1236.190000000,9949
RTSI,0,20190322,102414,1236.190000000,0
RTSI,0,20190322,102415,1236.160000000,2129
RTSI,0,20190322,102416,1236.150000000,2114
RTSI,0,20190322,102417,1236.150000000,0
RTSI,0,20190322,102418,1236.130000000,146
RTSI,0,20190322,102419,1236.130000000,3138
RTSI,0,20190322,102420,1236.120000000,2026
RTSI,0,20190322,102421,1236.090000000,2758
RTSI,0,20190322,102422,1236.090000000,1482
RTSI,0,20190322,102423,1236.090000000,231
RTSI,0,20190322,102424,1236.110000000,46906
RTSI,0,20190322,102425,1236.190000000,14425
RTSI,0,20190322,102426,1236.190000000,4527
RTSI,0,20190322,102427,1236.140000000,339
RTSI,0,20190322,102428,1236.100000000,1725
RTSI,0,20190322,102429,1236.110000000,6976
RTSI,0,20190322,102430,1236.120000000,1554
RTSI,0,20190322,102431,1236.110000000,273
RTSI,0,20190322,102432,1236.110000000,1438
RTSI,0,20190322,102433,1236.110000000,1362
RTSI,0,20190322,102434,1236.100000000,1275
RTSI,0,20190322,102435,1236.100000000,97
RTSI,0,20190322,102436,1236.100000000,67
RTSI,0,20190322,102437,1236.080000000,10089
RTSI,0,20190322,102438,1236.070000000,8009
RTSI,0,20190322,102439,1236.120000000,3421
RTSI,0,20190322,102440,1236.120000000,70
RTSI,0,20190322,102441,1236.120000000,64
RTSI,0,20190322,102442,1236.110000000,1803
RTSI,0,20190322,102443,1236.110000000,0
RTSI,0,20190322,102444,1236.350000000,390487
RTSI,0,20190322,102445,1235.440000000,531182
RTSI,0,20190322,102446,1235.440000000,106476
RTSI,0,20190322,102447,1235.430000000,7203
RTSI,0,20190322,102448,1235.410000000,16122
RTSI,0,20190322,102449,1235.420000000,8058
RTSI,0,20190322,102450,1235.410000000,6338
RTSI,0,20190322,102451,1235.410000000,6602
RTSI,0,20190322,102452,1235.850000000,17810
RTSI,0,20190322,102453,1235.880000000,29371
RTSI,0,20190322,102454,1235.880000000,10806
RTSI,0,20190322,102455,1235.870000000,42
RTSI,0,20190322,102456,1235.830000000,4997
RTSI,0,20190322,102457,1235.840000000,3768
RTSI,0,20190322,102458,1235.840000000,462
RTSI,0,20190322,102459,1235.860000000,16643
RTSI,0,20190322,102500,1235.870000000,126
RTSI,0,20190322,102501,1235.860000000,4327
RTSI,0,20190322,102502,1235.810000000,485
RTSI,0,20190322,102503,1235.810000000,428817
RTSI,0,20190322,102504,1235.790000000,3685
RTSI,0,20190322,102505,1235.790000000,846
RTSI,0,20190322,102506,1235.790000000,237
RTSI,0,20190322,102507,1235.790000000,3949
RTSI,0,20190322,102508,1235.800000000,8214
RTSI,0,20190322,102509,1235.800000000,16
RTSI,0,20190322,102510,1235.770000000,3716
RTSI,0,20190322,102511,1235.750000000,10892
RTSI,0,20190322,102512,1235.740000000,4045
RTSI,0,20190322,102513,1235.740000000,663
RTSI,0,20190322,102514,1235.760000000,3771
RTSI,0,20190322,102515,1235.760000000,261
RTSI,0,20190322,102516,1235.760000000,38
RTSI,0,20190322,102517,1235.780000000,4622
RTSI,0,20190322,102518,1236.190000000,36532
RTSI,0,20190322,102519,1236.180000000,4041
RTSI,0,20190322,102520,1236.170000000,79
RTSI,0,20190322,102521,1236.170000000,1079
RTSI,0,20190322,102522,1236.360000000,53239
RTSI,0,20190322,102523,1236.290000000,1416
RTSI,0,20190322,102524,1236.300000000,182
RTSI,0,20190322,102525,1236.300000000,527
RTSI,0,20190322,102526,1236.300000000,831
RTSI,0,20190322,102527,1236.290000000,3384
RTSI,0,20190322,102528,1236.300000000,1203
RTSI,0,20190322,102529,1236.250000000,10643
RTSI,0,20190322,102530,1236.290000000,2664
RTSI,0,20190322,102531,1236.350000000,10691
RTSI,0,20190322,102532,1236.350000000,2543
RTSI,0,20190322,102533,1236.460000000,48868
RTSI,0,20190322,102534,1236.540000000,10002
RTSI,0,20190322,102535,1236.570000000,1704
RTSI,0,20190322,102536,1236.600000000,16083
RTSI,0,20190322,102537,1236.560000000,8256
RTSI,0,20190322,102538,1236.560000000,54
RTSI,0,20190322,102539,1236.590000000,6332
RTSI,0,20190322,102540,1236.570000000,2408
RTSI,0,20190322,102541,1236.610000000,15948
RTSI,0,20190322,102542,1236.590000000,14257
RTSI,0,20190322,102543,1237.050000000,128467
RTSI,0,20190322,102544,1237.040000000,1509
RTSI,0,20190322,102545,1237.080000000,61904
RTSI,0,20190322,102546,1237.130000000,69272
RTSI,0,20190322,102547,1237.090000000,1320
RTSI,0,20190322,102548,1237.090000000,889
RTSI,0,20190322,102549,1237.090000000,584
RTSI,0,20190322,102550,1237.090000000,1780
RTSI,0,20190322,102551,1237.010000000,134
RTSI,0,20190322,102552,1237.010000000,63
RTSI,0,20190322,102553,1237.050000000,1942
RTSI,0,20190322,102554,1236.960000000,6008
RTSI,0,20190322,102555,1237.000000000,10964
RTSI,0,20190322,102556,1237.000000000,101
RTSI,0,20190322,102557,1236.950000000,483
RTSI,0,20190322,102558,1237.010000000,22868
RTSI,0,20190322,102559,1236.990000000,1394
RTSI,0,20190322,102600,1236.970000000,700
RTSI,0,20190322,102601,1236.980000000,7356
RTSI,0,20190322,102602,1236.980000000,0
RTSI,0,20190322,102603,1236.890000000,9178
RTSI,0,20190322,102604,1236.890000000,5735
RTSI,0,20190322,102605,1236.890000000,19471
RTSI,0,20190322,102606,1236.890000000,304
RTSI,0,20190322,102607,1236.880000000,0
RTSI,0,20190322,102608,1236.890000000,4028
RTSI,0,20190322,102609,1236.800000000,6479
RTSI,0,20190322,102610,1236.800000000,20
RTSI,0,20190322,102611,1236.810000000,176
RTSI,0,20190322,102612,1236.730000000,7837
RTSI,0,20190322,102613,1236.720000000,429
RTSI,0,20190322,102614,1236.730000000,204
RTSI,0,20190322,102615,1236.730000000,411
RTSI,0,20190322,102616,1236.680000000,1430
RTSI,0,20190322,102617,1236.770000000,16717
RTSI,0,20190322,102618,1236.740000000,1435
RTSI,0,20190322,102619,1236.720000000,3770
RTSI,0,20190322,102620,1236.730000000,32325
RTSI,0,20190322,102621,1236.730000000,24
RTSI,0,20190322,102622,1236.720000000,715
RTSI,0,20190322,102623,1236.720000000,65
RTSI,0,20190322,102624,1236.620000000,6511
RTSI,0,20190322,102625,1236.640000000,2634
RTSI,0,20190322,102626,1236.640000000,361
RTSI,0,20190322,102627,1236.630000000,0
RTSI,0,20190322,102628,1236.630000000,25
RTSI,0,20190322,102629,1236.620000000,1479
RTSI,0,20190322,102630,1236.620000000,461
RTSI,0,20190322,102631,1236.620000000,7791
RTSI,0,20190322,102632,1236.620000000,0
RTSI,0,20190322,102633,1236.620000000,1413
RTSI,0,20190322,102634,1236.620000000,261
RTSI,0,20190322,102635,1236.620000000,16631
RTSI,0,20190322,102636,1236.650000000,1842
RTSI,0,20190322,102637,1236.620000000,7908
RTSI,0,20190322,102638,1236.620000000,19927
RTSI,0,20190322,102639,1236.580000000,41476
RTSI,0,20190322,102640,1236.590000000,1229
RTSI,0,20190322,102641,1236.620000000,10455
RTSI,0,20190322,102642,1236.620000000,93
RTSI,0,20190322,102643,1236.590000000,1340
RTSI,0,20190322,102644,1236.570000000,3368
RTSI,0,20190322,102645,1236.550000000,26
RTSI,0,20190322,102646,1236.550000000,23230
RTSI,0,20190322,102647,1236.520000000,24
RTSI,0,20190322,102648,1236.520000000,107
RTSI,0,20190322,102649,1236.520000000,1555
RTSI,0,20190322,102650,1236.500000000,3557
RTSI,0,20190322,102651,1236.480000000,891
RTSI,0,20190322,102652,1236.410000000,2807
RTSI,0,20190322,102653,1236.440000000,41840
RTSI,0,20190322,102654,1236.520000000,6409
RTSI,0,20190322,102655,1236.550000000,5819
RTSI,0,20190322,102656,1236.590000000,24924
RTSI,0,20190322,102657,1236.590000000,88
RTSI,0,20190322,102658,1236.590000000,607
RTSI,0,20190322,102659,1236.590000000,0
RTSI,0,20190322,102700,1236.650000000,7726
RTSI,0,20190322,102701,1236.710000000,233036
RTSI,0,20190322,102702,1236.740000000,120250
RTSI,0,20190322,102703,1236.740000000,81
RTSI,0,20190322,102704,1236.700000000,4660
RTSI,0,20190322,102705,1236.740000000,3122
RTSI,0,20190322,102706,1236.740000000,0
RTSI,0,20190322,102707,1236.740000000,1095
RTSI,0,20190322,102708,1236.740000000,126
RTSI,0,20190322,102709,1236.780000000,1519
RTSI,0,20190322,102710,1236.790000000,401
RTSI,0,20190322,102711,1236.790000000,1293
RTSI,0,20190322,102712,1236.780000000,507
RTSI,0,20190322,102713,1236.790000000,1735
RTSI,0,20190322,102714,1236.730000000,26882
RTSI,0,20190322,102715,1236.660000000,17689
RTSI,0,20190322,102716,1236.630000000,5260
RTSI,0,20190322,102717,1236.630000000,97
RTSI,0,20190322,102718,1236.630000000,99
RTSI,0,20190322,102719,1236.620000000,5117
RTSI,0,20190322,102720,1236.630000000,205
RTSI,0,20190322,102721,1236.680000000,425
RTSI,0,20190322,102722,1236.680000000,825
RTSI,0,20190322,102723,1236.680000000,8240
RTSI,0,20190322,102724,1236.600000000,1867
RTSI,0,20190322,102725,1236.610000000,306
RTSI,0,20190322,102726,1236.610000000,2255
RTSI,0,20190322,102727,1236.570000000,52289
RTSI,0,20190322,102728,1236.580000000,1826
RTSI,0,20190322,102729,1236.590000000,1889
RTSI,0,20190322,102730,1236.600000000,2114
RTSI,0,20190322,102731,1236.600000000,41
RTSI,0,20190322,102732,1236.610000000,675
RTSI,0,20190322,102733,1236.600000000,3087
RTSI,0,20190322,102734,1236.570000000,259
RTSI,0,20190322,102735,1236.580000000,79
RTSI,0,20190322,102736,1236.530000000,4186
RTSI,0,20190322,102737,1236.560000000,11669
RTSI,0,20190322,102738,1236.460000000,151887
RTSI,0,20190322,102739,1236.410000000,6770
RTSI,0,20190322,102740,1236.400000000,1513
RTSI,0,20190322,102741,1236.410000000,270
RTSI,0,20190322,102742,1236.500000000,9656
RTSI,0,20190322,102743,1236.500000000,393
RTSI,0,20190322,102744,1236.500000000,1645
RTSI,0,20190322,102745,1236.500000000,1681
RTSI,0,20190322,102746,1236.470000000,430
RTSI,0,20190322,102747,1236.410000000,11456
RTSI,0,20190322,102748,1236.400000000,14993
RTSI,0,20190322,102749,1236.410000000,529
RTSI,0,20190322,102750,1236.410000000,26
RTSI,0,20190322,102751,1236.390000000,71
RTSI,0,20190322,102752,1236.390000000,0
RTSI,0,20190322,102753,1236.360000000,1002
RTSI,0,20190322,102754,1236.430000000,71272
RTSI,0,20190322,102755,1236.430000000,0
RTSI,0,20190322,102756,1236.430000000,8323
RTSI,0,20190322,102757,1236.420000000,2170
RTSI,0,20190322,102758,1236.310000000,22692
RTSI,0,20190322,102759,1236.320000000,6325
RTSI,0,20190322,102800,1236.310000000,5774
RTSI,0,20190322,102801,1236.310000000,0
RTSI,0,20190322,102802,1236.310000000,17
RTSI,0,20190322,102803,1236.310000000,10271
RTSI,0,20190322,102804,1236.340000000,2374
RTSI,0,20190322,102805,1236.340000000,2875
RTSI,0,20190322,102806,1236.330000000,1420
RTSI,0,20190322,102807,1236.380000000,6260
RTSI,0,20190322,102808,1236.390000000,8713
RTSI,0,20190322,102809,1236.390000000,1764
RTSI,0,20190322,102810,1236.370000000,1798
RTSI,0,20190322,102811,1236.420000000,867
RTSI,0,20190322,102812,1236.420000000,15
RTSI,0,20190322,102813,1236.430000000,63
RTSI,0,20190322,102814,1236.430000000,4279
RTSI,0,20190322,102815,1236.420000000,26771
RTSI,0,20190322,102816,1236.420000000,105
RTSI,0,20190322,102817,1236.430000000,246
RTSI,0,20190322,102818,1236.360000000,821
RTSI,0,20190322,102819,1236.410000000,446
RTSI,0,20190322,102820,1236.400000000,623
RTSI,0,20190322,102821,1236.440000000,1946
RTSI,0,20190322,102822,1236.430000000,1080
RTSI,0,20190322,102823,1236.470000000,20065
RTSI,0,20190322,102824,1236.450000000,2334
RTSI,0,20190322,102825,1236.470000000,1421
RTSI,0,20190322,102826,1236.470000000,7823
RTSI,0,20190322,102827,1236.470000000,7860
RTSI,0,20190322,102828,1236.460000000,44
RTSI,0,20190322,102829,1236.460000000,0
RTSI,0,20190322,102830,1236.470000000,1006
RTSI,0,20190322,102831,1236.430000000,64986
RTSI,0,20190322,102832,1236.430000000,139
RTSI,0,20190322,102833,1236.460000000,1397
RTSI,0,20190322,102834,1236.480000000,4360
RTSI,0,20190322,102835,1236.470000000,44
RTSI,0,20190322,102836,1236.470000000,91
RTSI,0,20190322,102837,1236.410000000,381
RTSI,0,20190322,102838,1236.430000000,322
RTSI,0,20190322,102839,1236.440000000,1068
RTSI,0,20190322,102840,1236.430000000,5585
RTSI,0,20190322,102841,1236.430000000,0
RTSI,0,20190322,102842,1236.420000000,8872
RTSI,0,20190322,102843,1236.460000000,1614
RTSI,0,20190322,102844,1236.530000000,435
RTSI,0,20190322,102845,1236.520000000,0
RTSI,0,20190322,102846,1236.520000000,4490
RTSI,0,20190322,102847,1236.470000000,3281
RTSI,0,20190322,102848,1236.470000000,29
RTSI,0,20190322,102849,1236.490000000,498
RTSI,0,20190322,102850,1236.460000000,359
RTSI,0,20190322,102851,1236.480000000,3480
RTSI,0,20190322,102852,1236.490000000,1869
RTSI,0,20190322,102853,1236.520000000,15579
RTSI,0,20190322,102854,1236.530000000,4086
RTSI,0,20190322,102855,1236.470000000,7068
RTSI,0,20190322,102856,1236.470000000,0
RTSI,0,20190322,102857,1236.440000000,64
RTSI,0,20190322,102858,1236.470000000,1206
RTSI,0,20190322,102859,1236.470000000,1621
RTSI,0,20190322,102900,1236.450000000,8424
RTSI,0,20190322,102901,1236.460000000,15091
RTSI,0,20190322,102902,1236.430000000,5206
RTSI,0,20190322,102903,1236.410000000,2527
RTSI,0,20190322,102904,1236.410000000,1360
RTSI,0,20190322,102905,1236.450000000,1474
RTSI,0,20190322,102906,1236.450000000,99
RTSI,0,20190322,102907,1236.420000000,1728
RTSI,0,20190322,102908,1236.450000000,6622
RTSI,0,20190322,102909,1236.450000000,85
RTSI,0,20190322,102910,1236.470000000,192
RTSI,0,20190322,102911,1236.470000000,3726
RTSI,0,20190322,102912,1236.470000000,65
RTSI,0,20190322,102913,1236.460000000,400
RTSI,0,20190322,102914,1236.450000000,186
RTSI,0,20190322,102915,1236.460000000,1051
RTSI,0,20190322,102916,1236.460000000,2804
RTSI,0,20190322,102917,1236.410000000,873
RTSI,0,20190322,102918,1236.390000000,4626
RTSI,0,20190322,102919,1236.400000000,194
RTSI,0,20190322,102920,1236.400000000,0
RTSI,0,20190322,102921,1236.390000000,267
RTSI,0,20190322,102922,1236.410000000,76
RTSI,0,20190322,102923,1236.430000000,172
RTSI,0,20190322,102924,1236.450000000,211
RTSI,0,20190322,102925,1236.490000000,8511
RTSI,0,20190322,102926,1236.530000000,6416
RTSI,0,20190322,102927,1236.510000000,6751
RTSI,0,20190322,102928,1236.500000000,695
RTSI,0,20190322,102929,1236.420000000,748
RTSI,0,20190322,102930,1236.420000000,3511
RTSI,0,20190322,102931,1236.420000000,211
RTSI,0,20190322,102932,1236.430000000,5782
RTSI,0,20190322,102933,1236.480000000,229
RTSI,0,20190322,102934,1236.440000000,1334
RTSI,0,20190322,102935,1236.440000000,379
RTSI,0,20190322,102936,1236.450000000,462
RTSI,0,20190322,102937,1236.420000000,1588
RTSI,0,20190322,102938,1236.420000000,0
RTSI,0,20190322,102939,1236.420000000,3806
RTSI,0,20190322,102940,1236.410000000,798
RTSI,0,20190322,102941,1236.410000000,0
RTSI,0,20190322,102942,1236.410000000,83
RTSI,0,20190322,102943,1236.410000000,1001
RTSI,0,20190322,102944,1236.380000000,2973
RTSI,0,20190322,102945,1236.420000000,2713
RTSI,0,20190322,102946,1236.450000000,4935
RTSI,0,20190322,102947,1236.400000000,2884
RTSI,0,20190322,102948,1236.440000000,6827
RTSI,0,20190322,102949,1236.420000000,7144
RTSI,0,20190322,102950,1236.460000000,3326
RTSI,0,20190322,102951,1236.430000000,4556
RTSI,0,20190322,102952,1236.420000000,79
RTSI,0,20190322,102953,1236.420000000,3267
RTSI,0,20190322,102954,1236.390000000,1204
RTSI,0,20190322,102955,1236.390000000,705
RTSI,0,20190322,102956,1236.390000000,1950
RTSI,0,20190322,102957,1236.400000000,120
RTSI,0,20190322,102958,1236.400000000,1419
RTSI,0,20190322,102959,1236.400000000,709
RTSI,0,20190322,103000,1236.400000000,0
RTSI,0,20190322,103001,1236.400000000,0
RTSI,0,20190322,103002,1236.420000000,487
RTSI,0,20190322,103003,1236.420000000,0
RTSI,0,20190322,103004,1236.470000000,257
RTSI,0,20190322,103005,1236.470000000,64
RTSI,0,20190322,103006,1236.500000000,2107
RTSI,0,20190322,103007,1236.460000000,715
RTSI,0,20190322,103008,1236.460000000,385
RTSI,0,20190322,103009,1236.460000000,385
RTSI,0,20190322,103010,1236.450000000,952
RTSI,0,20190322,103011,1236.480000000,1956
RTSI,0,20190322,103012,1236.490000000,134
RTSI,0,20190322,103013,1236.430000000,6004
RTSI,0,20190322,103014,1236.430000000,3103
RTSI,0,20190322,103015,1236.480000000,1567
RTSI,0,20190322,103016,1236.500000000,19031
RTSI,0,20190322,103017,1236.500000000,3515
RTSI,0,20190322,103018,1236.500000000,145
RTSI,0,20190322,103019,1236.500000000,1878
RTSI,0,20190322,103020,1236.520000000,7523
RTSI,0,20190322,103021,1236.520000000,1685
RTSI,0,20190322,103022,1236.530000000,252
RTSI,0,20190322,103023,1236.530000000,1184
RTSI,0,20190322,103024,1236.530000000,289
RTSI,0,20190322,103025,1236.530000000,0
RTSI,0,20190322,103026,1236.520000000,696
RTSI,0,20190322,103027,1236.520000000,64
RTSI,0,20190322,103028,1236.510000000,3758
RTSI,0,20190322,103029,1236.510000000,65
RTSI,0,20190322,103030,1236.500000000,1541
RTSI,0,20190322,103031,1236.490000000,304
RTSI,0,20190322,103032,1236.490000000,687
RTSI,0,20190322,103033,1236.480000000,0
RTSI,0,20190322,103034,1236.460000000,2007
RTSI,0,20190322,103035,1236.440000000,43
RTSI,0,20190322,103036,1236.450000000,1706
RTSI,0,20190322,103037,1236.460000000,1735
RTSI,0,20190322,103038,1236.460000000,211
RTSI,0,20190322,103039,1236.530000000,13044
RTSI,0,20190322,103040,1236.530000000,434
RTSI,0,20190322,103041,1236.520000000,4075
RTSI,0,20190322,103042,1236.520000000,1581
RTSI,0,20190322,103043,1236.500000000,375
RTSI,0,20190322,103044,1236.450000000,5963
RTSI,0,20190322,103045,1236.460000000,38
RTSI,0,20190322,103046,1236.480000000,6219
RTSI,0,20190322,103047,1236.470000000,677
RTSI,0,20190322,103048,1236.410000000,10253
RTSI,0,20190322,103049,1236.400000000,0
RTSI,0,20190322,103050,1236.400000000,0
RTSI,0,20190322,103051,1236.400000000,39
RTSI,0,20190322,103052,1236.420000000,35
RTSI,0,20190322,103053,1236.420000000,26
RTSI,0,20190322,103054,1236.490000000,1376
RTSI,0,20190322,103055,1236.490000000,894
RTSI,0,20190322,103056,1236.520000000,21174
RTSI,0,20190322,103057,1236.500000000,0
RTSI,0,20190322,103058,1236.490000000,874
RTSI,0,20190322,103059,1236.490000000,142
RTSI,0,20190322,103100,1236.540000000,926
RTSI,0,20190322,103101,1236.530000000,0
RTSI,0,20190322,103102,1236.530000000,240
RTSI,0,20190322,103103,1236.530000000,11488
RTSI,0,20190322,103104,1236.470000000,54
RTSI,0,20190322,103105,1236.510000000,1513
RTSI,0,20190322,103106,1236.510000000,386
RTSI,0,20190322,103107,1236.450000000,8089
RTSI,0,20190322,103108,1236.450000000,0
RTSI,0,20190322,103109,1236.430000000,860
RTSI,0,20190322,103110,1236.430000000,152
RTSI,0,20190322,103111,1236.430000000,1275
RTSI,0,20190322,103112,1236.440000000,302
RTSI,0,20190322,103113,1236.430000000,214
RTSI,0,20190322,103114,1236.400000000,148
RTSI,0,20190322,103115,1236.400000000,12037
RTSI,0,20190322,103116,1236.410000000,6494
RTSI,0,20190322,103117,1236.420000000,3203
RTSI,0,20190322,103118,1236.390000000,189
RTSI,0,20190322,103119,1236.390000000,0
RTSI,0,20190322,103120,1236.460000000,15255
RTSI,0,20190322,103121,1236.460000000,29
RTSI,0,20190322,103122,1236.440000000,0
RTSI,0,20190322,103123,1236.450000000,442
RTSI,0,20190322,103124,1236.480000000,9156
RTSI,0,20190322,103125,1236.430000000,3348
RTSI,0,20190322,103126,1236.400000000,0
RTSI,0,20190322,103127,1236.390000000,0
RTSI,0,20190322,103128,1236.360000000,1630
RTSI,0,20190322,103129,1236.380000000,831
RTSI,0,20190322,103130,1236.350000000,157
RTSI,0,20190322,103131,1236.330000000,1768
RTSI,0,20190322,103132,1236.330000000,9042
RTSI,0,20190322,103133,1236.330000000,1789
RTSI,0,20190322,103134,1236.350000000,8229
RTSI,0,20190322,103135,1236.390000000,104
RTSI,0,20190322,103136,1236.400000000,484
RTSI,0,20190322,103137,1236.440000000,2733
RTSI,0,20190322,103138,1236.460000000,4530
RTSI,0,20190322,103139,1236.460000000,29
RTSI,0,20190322,103140,1236.470000000,3828
RTSI,0,20190322,103141,1236.470000000,1014
RTSI,0,20190322,103142,1236.470000000,169
RTSI,0,20190322,103143,1236.470000000,344
RTSI,0,20190322,103144,1236.470000000,240
RTSI,0,20190322,103145,1236.500000000,3201
RTSI,0,20190322,103146,1236.490000000,6857
RTSI,0,20190322,103147,1236.480000000,834
RTSI,0,20190322,103148,1236.480000000,0
RTSI,0,20190322,103149,1236.480000000,4480
RTSI,0,20190322,103150,1236.490000000,10243
RTSI,0,20190322,103151,1236.470000000,19848
RTSI,0,20190322,103152,1236.480000000,3674
RTSI,0,20190322,103153,1236.470000000,156
RTSI,0,20190322,103154,1236.470000000,0
RTSI,0,20190322,103155,1236.460000000,154
RTSI,0,20190322,103156,1236.450000000,160
RTSI,0,20190322,103157,1236.450000000,287
RTSI,0,20190322,103158,1236.470000000,2204
RTSI,0,20190322,103159,1236.420000000,5647
RTSI,0,20190322,103200,1236.430000000,422
RTSI,0,20190322,103201,1236.410000000,15794
RTSI,0,20190322,103202,1236.400000000,0
RTSI,0,20190322,103203,1236.400000000,3479
RTSI,0,20190322,103204,1236.400000000,0
RTSI,0,20190322,103205,1236.430000000,7299
RTSI,0,20190322,103206,1236.430000000,1652
RTSI,0,20190322,103207,1236.430000000,4637
RTSI,0,20190322,103208,1236.440000000,1044
RTSI,0,20190322,103209,1236.440000000,8
RTSI,0,20190322,103210,1236.440000000,15
RTSI,0,20190322,103211,1236.390000000,51098
RTSI,0,20190322,103212,1236.400000000,13413
RTSI,0,20190322,103213,1236.460000000,1091
RTSI,0,20190322,103214,1236.460000000,2282
RTSI,0,20190322,103215,1236.460000000,598
RTSI,0,20190322,103216,1236.450000000,19480
RTSI,0,20190322,103217,1236.510000000,775
RTSI,0,20190322,103218,1236.510000000,4
RTSI,0,20190322,103219,1236.510000000,29
RTSI,0,20190322,103220,1236.510000000,1893
RTSI,0,20190322,103221,1236.510000000,0
RTSI,0,20190322,103222,1236.530000000,4614
RTSI,0,20190322,103223,1236.520000000,200
RTSI,0,20190322,103224,1236.510000000,550
RTSI,0,20190322,103225,1236.490000000,126419
RTSI,0,20190322,103226,1236.500000000,12373
RTSI,0,20190322,103227,1236.510000000,20651
RTSI,0,20190322,103228,1236.530000000,6588
RTSI,0,20190322,103229,1236.470000000,1726
RTSI,0,20190322,103230,1236.470000000,139
RTSI,0,20190322,103231,1236.470000000,2200
RTSI,0,20190322,103232,1236.470000000,5981
RTSI,0,20190322,103233,1236.500000000,77566
RTSI,0,20190322,103234,1236.490000000,3493
RTSI,0,20190322,103235,1236.450000000,21191
RTSI,0,20190322,103236,1236.440000000,2611
RTSI,0,20190322,103237,1236.440000000,158
RTSI,0,20190322,103238,1236.440000000,21507
RTSI,0,20190322,103239,1236.430000000,5355
RTSI,0,20190322,103240,1236.430000000,3818
RTSI,0,20190322,103241,1236.420000000,1343
RTSI,0,20190322,103242,1236.390000000,12957
RTSI,0,20190322,103243,1236.420000000,2703
RTSI,0,20190322,103244,1236.420000000,41
RTSI,0,20190322,103245,1236.420000000,292
RTSI,0,20190322,103246,1236.420000000,6586
RTSI,0,20190322,103247,1236.420000000,29
RTSI,0,20190322,103248,1236.430000000,837
RTSI,0,20190322,103249,1236.430000000,592
RTSI,0,20190322,103250,1236.420000000,4664
RTSI,0,20190322,103251,1236.420000000,866
RTSI,0,20190322,103252,1236.400000000,2500
RTSI,0,20190322,103253,1236.410000000,558
RTSI,0,20190322,103254,1236.440000000,1499
RTSI,0,20190322,103255,1236.440000000,2261
RTSI,0,20190322,103256,1236.450000000,2650
RTSI,0,20190322,103257,1236.450000000,16
RTSI,0,20190322,103258,1236.450000000,132
RTSI,0,20190322,103259,1236.470000000,3059
RTSI,0,20190322,103300,1236.470000000,76
RTSI,0,20190322,103301,1236.480000000,43
RTSI,0,20190322,103302,1236.490000000,415
RTSI,0,20190322,103303,1236.470000000,326
RTSI,0,20190322,103304,1236.450000000,6081
RTSI,0,20190322,103305,1236.450000000,0
RTSI,0,20190322,103306,1236.440000000,3470
RTSI,0,20190322,103307,1236.430000000,3430
RTSI,0,20190322,103308,1236.430000000,69
RTSI,0,20190322,103309,1236.430000000,699
RTSI,0,20190322,103310,1236.450000000,242
RTSI,0,20190322,103311,1236.470000000,0
RTSI,0,20190322,103312,1236.470000000,0
RTSI,0,20190322,103313,1236.470000000,0
RTSI,0,20190322,103314,1236.430000000,2835
RTSI,0,20190322,103315,1236.270000000,106760
RTSI,0,20190322,103316,1235.740000000,204447
RTSI,0,20190322,103317,1235.730000000,2483
RTSI,0,20190322,103318,1235.750000000,24135
RTSI,0,20190322,103319,1235.790000000,2336
RTSI,0,20190322,103320,1235.820000000,5853
RTSI,0,20190322,103321,1235.820000000,2687
RTSI,0,20190322,103322,1235.810000000,50670
RTSI,0,20190322,103323,1235.800000000,554
RTSI,0,20190322,103324,1235.800000000,1100
RTSI,0,20190322,103325,1235.740000000,36545
RTSI,0,20190322,103326,1235.640000000,34758
RTSI,0,20190322,103327,1235.610000000,47320
RTSI,0,20190322,103328,1235.610000000,49143
RTSI,0,20190322,103329,1235.580000000,1736
RTSI,0,20190322,103330,1235.570000000,16096
RTSI,0,20190322,103331,1235.580000000,4249
RTSI,0,20190322,103332,1235.590000000,175
RTSI,0,20190322,103333,1235.600000000,928
RTSI,0,20190322,103334,1235.620000000,4527
RTSI,0,20190322,103335,1235.620000000,1373
RTSI,0,20190322,103336,1235.630000000,47230
RTSI,0,20190322,103337,1235.600000000,2370
RTSI,0,20190322,103338,1235.600000000,1800
RTSI,0,20190322,103339,1235.590000000,1972
RTSI,0,20190322,103340,1235.610000000,34511
RTSI,0,20190322,103341,1235.570000000,11094
RTSI,0,20190322,103342,1235.590000000,815
RTSI,0,20190322,103343,1235.570000000,27830
RTSI,0,20190322,103344,1235.580000000,24608
RTSI,0,20190322,103345,1235.590000000,1296
RTSI,0,20190322,103346,1235.630000000,8869
RTSI,0,20190322,103347,1235.570000000,35074
RTSI,0,20190322,103348,1235.570000000,6649
RTSI,0,20190322,103349,1235.650000000,2248
RTSI,0,20190322,103350,1235.650000000,30231
RTSI,0,20190322,103351,1235.640000000,1747
RTSI,0,20190322,103352,1235.670000000,9044
RTSI,0,20190322,103353,1235.690000000,5955
RTSI,0,20190322,103354,1235.710000000,1928
RTSI,0,20190322,103355,1235.720000000,221
RTSI,0,20190322,103356,1235.660000000,11935
RTSI,0,20190322,103357,1235.670000000,4651
RTSI,0,20190322,103358,1235.730000000,6589
RTSI,0,20190322,103359,1235.760000000,823
RTSI,0,20190322,103400,1235.760000000,2892
RTSI,0,20190322,103401,1235.770000000,177
RTSI,0,20190322,103402,1235.760000000,10416
RTSI,0,20190322,103403,1235.770000000,572
RTSI,0,20190322,103404,1235.780000000,2290
RTSI,0,20190322,103405,1235.800000000,909
RTSI,0,20190322,103406,1235.800000000,3235
RTSI,0,20190322,103407,1235.810000000,3573
RTSI,0,20190322,103408,1235.820000000,9054
RTSI,0,20190322,103409,1235.840000000,3262
RTSI,0,20190322,103410,1235.860000000,1140
RTSI,0,20190322,103411,1235.870000000,924
RTSI,0,20190322,103412,1235.860000000,5220
RTSI,0,20190322,103413,1235.870000000,2323
RTSI,0,20190322,103414,1235.900000000,1340
RTSI,0,20190322,103415,1235.910000000,10072
RTSI,0,20190322,103416,1235.880000000,9582
RTSI,0,20190322,103417,1235.870000000,633
RTSI,0,20190322,103418,1235.890000000,684
RTSI,0,20190322,103419,1235.910000000,3405
RTSI,0,20190322,103420,1235.930000000,9679
RTSI,0,20190322,103421,1235.960000000,419
RTSI,0,20190322,103422,1235.990000000,5007
RTSI,0,20190322,103423,1236.010000000,388
RTSI,0,20190322,103424,1236.010000000,304
RTSI,0,20190322,103425,1236.040000000,763
RTSI,0,20190322,103426,1236.050000000,39193
RTSI,0,20190322,103427,1236.040000000,25629
RTSI,0,20190322,103428,1236.050000000,32372
RTSI,0,20190322,103429,1236.060000000,16144
RTSI,0,20190322,103430,1236.070000000,10911
RTSI,0,20190322,103431,1236.030000000,24671
RTSI,0,20190322,103432,1236.020000000,48383
RTSI,0,20190322,103433,1236.080000000,2761
RTSI,0,20190322,103434,1236.070000000,798
RTSI,0,20190322,103435,1236.040000000,11623
RTSI,0,20190322,103436,1236.120000000,2491
RTSI,0,20190322,103437,1236.140000000,357
RTSI,0,20190322,103438,1236.120000000,1098
RTSI,0,20190322,103439,1236.160000000,1724
RTSI,0,20190322,103440,1236.160000000,820
RTSI,0,20190322,103441,1236.160000000,2716
RTSI,0,20190322,103442,1236.150000000,3024
RTSI,0,20190322,103443,1236.080000000,4236
RTSI,0,20190322,103444,1236.090000000,2125
RTSI,0,20190322,103445,1236.070000000,753
RTSI,0,20190322,103446,1236.090000000,51610
RTSI,0,20190322,103447,1236.100000000,396
RTSI,0,20190322,103448,1236.110000000,51
RTSI,0,20190322,103449,1236.120000000,11776
RTSI,0,20190322,103450,1236.150000000,9088
RTSI,0,20190322,103451,1236.130000000,11739
RTSI,0,20190322,103452,1236.110000000,292
RTSI,0,20190322,103453,1236.140000000,1817
RTSI,0,20190322,103454,1236.140000000,1184
RTSI,0,20190322,103455,1236.200000000,14721
RTSI,0,20190322,103456,1236.160000000,169
RTSI,0,20190322,103457,1236.190000000,187416
RTSI,0,20190322,103458,1236.150000000,7930
RTSI,0,20190322,103459,1236.150000000,3914
RTSI,0,20190322,103500,1236.230000000,11293
RTSI,0,20190322,103501,1236.290000000,4519
RTSI,0,20190322,103502,1236.310000000,1064
RTSI,0,20190322,103503,1236.330000000,938
RTSI,0,20190322,103504,1236.220000000,118571
RTSI,0,20190322,103505,1236.230000000,1179
RTSI,0,20190322,103506,1236.230000000,15330
RTSI,0,20190322,103507,1236.180000000,7391
RTSI,0,20190322,103508,1236.210000000,19068
RTSI,0,20190322,103509,1236.240000000,22622
RTSI,0,20190322,103510,1236.210000000,3033
RTSI,0,20190322,103511,1236.180000000,1001
RTSI,0,20190322,103512,1236.190000000,411
RTSI,0,20190322,103513,1236.230000000,14908
RTSI,0,20190322,103514,1236.270000000,10876
RTSI,0,20190322,103515,1236.270000000,0
RTSI,0,20190322,103516,1236.280000000,0
RTSI,0,20190322,103517,1236.260000000,7053
RTSI,0,20190322,103518,1236.260000000,9532
RTSI,0,20190322,103519,1236.270000000,369
RTSI,0,20190322,103520,1236.270000000,9
RTSI,0,20190322,103521,1236.250000000,8300
RTSI,0,20190322,103522,1236.290000000,47541
RTSI,0,20190322,103523,1236.300000000,0
RTSI,0,20190322,103524,1236.300000000,0
RTSI,0,20190322,103525,1236.260000000,0
RTSI,0,20190322,103526,1236.290000000,326
RTSI,0,20190322,103527,1236.290000000,1159
RTSI,0,20190322,103528,1236.280000000,852
RTSI,0,20190322,103529,1236.340000000,6817
RTSI,0,20190322,103530,1236.330000000,2455
RTSI,0,20190322,103531,1236.280000000,1832
RTSI,0,20190322,103532,1236.280000000,400
RTSI,0,20190322,103533,1236.280000000,285
RTSI,0,20190322,103534,1236.280000000,0
RTSI,0,20190322,103535,1236.280000000,451
RTSI,0,20190322,103536,1236.280000000,199
RTSI,0,20190322,103537,1236.270000000,5559
RTSI,0,20190322,103538,1236.240000000,37295
RTSI,0,20190322,103539,1236.280000000,7889
RTSI,0,20190322,103540,1236.280000000,15041
RTSI,0,20190322,103541,1236.290000000,1956
RTSI,0,20190322,103542,1236.290000000,2013
RTSI,0,20190322,103543,1236.290000000,0
RTSI,0,20190322,103544,1236.300000000,174
RTSI,0,20190322,103545,1236.300000000,3832
RTSI,0,20190322,103546,1236.300000000,0
RTSI,0,20190322,103547,1236.300000000,0
RTSI,0,20190322,103548,1236.250000000,667
RTSI,0,20190322,103549,1236.250000000,50553
RTSI,0,20190322,103550,1236.220000000,1927
RTSI,0,20190322,103551,1236.170000000,259
RTSI,0,20190322,103552,1236.170000000,868
RTSI,0,20190322,103553,1236.220000000,6609
RTSI,0,20190322,103554,1236.220000000,14022
RTSI,0,20190322,103555,1236.220000000,3037
RTSI,0,20190322,103556,1236.220000000,1652
RTSI,0,20190322,103557,1236.220000000,1419
RTSI,0,20190322,103558,1236.220000000,603
RTSI,0,20190322,103559,1236.260000000,2032
RTSI,0,20190322,103600,1236.260000000,174
RTSI,0,20190322,103601,1236.260000000,0
RTSI,0,20190322,103602,1236.270000000,2501
RTSI,0,20190322,103603,1236.270000000,0
RTSI,0,20190322,103604,1236.270000000,7110
RTSI,0,20190322,103605,1236.270000000,5
RTSI,0,20190322,103606,1236.340000000,3829
RTSI,0,20190322,103607,1236.340000000,2981
RTSI,0,20190322,103608,1236.360000000,219
RTSI,0,20190322,103609,1236.520000000,9828
RTSI,0,20190322,103610,1236.560000000,13214
RTSI,0,20190322,103611,1236.510000000,301
RTSI,0,20190322,103612,1236.410000000,30050
RTSI,0,20190322,103613,1236.420000000,1314
RTSI,0,20190322,103614,1236.430000000,1400
RTSI,0,20190322,103615,1236.420000000,1198
RTSI,0,20190322,103616,1236.430000000,2880
RTSI,0,20190322,103617,1236.430000000,136
RTSI,0,20190322,103618,1236.430000000,83
RTSI,0,20190322,103619,1236.420000000,857
RTSI,0,20190322,103620,1236.420000000,233
RTSI,0,20190322,103621,1236.430000000,3503
RTSI,0,20190322,103622,1236.430000000,0
RTSI,0,20190322,103623,1236.420000000,3160
RTSI,0,20190322,103624,1236.430000000,772
RTSI,0,20190322,103625,1236.440000000,2262
RTSI,0,20190322,103626,1236.490000000,1783
RTSI,0,20190322,103627,1236.500000000,168
RTSI,0,20190322,103628,1236.510000000,11548
RTSI,0,20190322,103629,1236.500000000,12840
RTSI,0,20190322,103630,1236.620000000,23174
RTSI,0,20190322,103631,1236.650000000,10107
RTSI,0,20190322,103632,1236.660000000,4210
RTSI,0,20190322,103633,1236.680000000,2393
RTSI,0,20190322,103634,1236.680000000,489
RTSI,0,20190322,103635,1236.800000000,12964
RTSI,0,20190322,103636,1236.800000000,1471
RTSI,0,20190322,103637,1236.790000000,2140
RTSI,0,20190322,103638,1236.860000000,3131
RTSI,0,20190322,103639,1236.830000000,1256
RTSI,0,20190322,103640,1236.830000000,164
RTSI,0,20190322,103641,1236.820000000,1313
RTSI,0,20190322,103642,1236.840000000,4811
RTSI,0,20190322,103643,1236.840000000,1507
RTSI,0,20190322,103644,1236.850000000,997
RTSI,0,20190322,103645,1236.890000000,2393
RTSI,0,20190322,103646,1236.900000000,968
RTSI,0,20190322,103647,1236.970000000,394
RTSI,0,20190322,103648,1236.970000000,1484
RTSI,0,20190322,103649,1236.970000000,1510
RTSI,0,20190322,103650,1236.930000000,44681
RTSI,0,20190322,103651,1236.950000000,18195
RTSI,0,20190322,103652,1236.940000000,768
RTSI,0,20190322,103653,1236.950000000,1343
RTSI,0,20190322,103654,1236.980000000,4244
RTSI,0,20190322,103655,1236.980000000,613
RTSI,0,20190322,103656,1236.970000000,200
RTSI,0,20190322,103657,1236.990000000,429
RTSI,0,20190322,103658,1236.950000000,2631
RTSI,0,20190322,103659,1236.930000000,304
RTSI,0,20190322,103700,1236.930000000,130
RTSI,0,20190322,103701,1236.930000000,1281
RTSI,0,20190322,103702,1236.930000000,75
RTSI,0,20190322,103703,1236.930000000,93
RTSI,0,20190322,103704,1236.990000000,51566
RTSI,0,20190322,103705,1236.960000000,501
RTSI,0,20190322,103706,1236.970000000,795
RTSI,0,20190322,103707,1236.960000000,10256
RTSI,0,20190322,103708,1236.970000000,128
RTSI,0,20190322,103709,1236.970000000,4174
RTSI,0,20190322,103710,1236.970000000,684
RTSI,0,20190322,103711,1236.960000000,9780
RTSI,0,20190322,103712,1236.950000000,464
RTSI,0,20190322,103713,1236.920000000,1314
RTSI,0,20190322,103714,1236.920000000,2094
RTSI,0,20190322,103715,1236.940000000,1361
RTSI,0,20190322,103716,1236.950000000,3746
RTSI,0,20190322,103717,1236.900000000,528
RTSI,0,20190322,103718,1236.950000000,574
RTSI,0,20190322,103719,1236.940000000,3290
RTSI,0,20190322,103720,1236.940000000,28854
RTSI,0,20190322,103721,1237.000000000,5124
RTSI,0,20190322,103722,1237.000000000,106
RTSI,0,20190322,103723,1237.000000000,22929
RTSI,0,20190322,103724,1237.000000000,0
RTSI,0,20190322,103725,1237.000000000,690
RTSI,0,20190322,103726,1237.010000000,4542
RTSI,0,20190322,103727,1237.010000000,1660
RTSI,0,20190322,103728,1236.990000000,0
RTSI,0,20190322,103729,1236.990000000,33
RTSI,0,20190322,103730,1236.990000000,7034
RTSI,0,20190322,103731,1236.990000000,98
RTSI,0,20190322,103732,1237.050000000,31586
RTSI,0,20190322,103733,1237.050000000,4047
RTSI,0,20190322,103734,1237.020000000,1202
RTSI,0,20190322,103735,1237.040000000,4630
RTSI,0,20190322,103736,1237.030000000,1904
RTSI,0,20190322,103737,1237.020000000,825
RTSI,0,20190322,103738,1237.020000000,0
RTSI,0,20190322,103739,1237.000000000,3648
RTSI,0,20190322,103740,1236.990000000,2993
RTSI,0,20190322,103741,1236.990000000,191
RTSI,0,20190322,103742,1236.990000000,250
RTSI,0,20190322,103743,1236.980000000,0
RTSI,0,20190322,103744,1236.970000000,3431
RTSI,0,20190322,103745,1237.090000000,37402
RTSI,0,20190322,103746,1237.090000000,3106
RTSI,0,20190322,103747,1237.090000000,12364
RTSI,0,20190322,103748,1237.080000000,0
RTSI,0,20190322,103749,1237.080000000,202
RTSI,0,20190322,103750,1237.060000000,2768
RTSI,0,20190322,103751,1237.030000000,405
RTSI,0,20190322,103752,1237.020000000,334
RTSI,0,20190322,103753,1237.020000000,4771
RTSI,0,20190322,103754,1237.030000000,37
RTSI,0,20190322,103755,1237.020000000,531
RTSI,0,20190322,103756,1237.010000000,281
RTSI,0,20190322,103757,1237.010000000,179
RTSI,0,20190322,103758,1237.000000000,58
RTSI,0,20190322,103759,1236.990000000,28
RTSI,0,20190322,103800,1237.010000000,3515
