<TICKER>,<PER>,<DATE>,<TIME>,<LAST>,<VOL>
RTSI,0,20161216,100001,1142.630000000,84605
RTSI,0,20161216,100002,1143.980000000,249698
RTSI,0,20161216,100003,1144.970000000,162248
RTSI,0,20161216,100004,1145.230000000,105196
RTSI,0,20161216,100005,1145.790000000,156842
RTSI,0,20161216,100006,1145.950000000,72359
RTSI,0,20161216,100007,1145.610000000,212345
RTSI,0,20161216,100008,1145.790000000,98125
RTSI,0,20161216,100009,1145.920000000,37708
RTSI,0,20161216,100010,1146.300000000,97256
RTSI,0,20161216,100011,1145.950000000,74088
RTSI,0,20161216,100012,1145.770000000,41922
RTSI,0,20161216,100013,1145.950000000,100913
RTSI,0,20161216,100014,1145.940000000,20892
RTSI,0,20161216,100015,1146.200000000,42975
RTSI,0,20161216,100016,1146.560000000,64975
RTSI,0,20161216,100017,1146.580000000,32200
RTSI,0,20161216,100018,1146.500000000,151218
RTSI,0,20161216,100019,1146.900000000,110115
RTSI,0,20161216,100020,1146.680000000,86755
RTSI,0,20161216,100021,1146.520000000,28268
RTSI,0,20161216,100022,1146.970000000,66235
RTSI,0,20161216,100023,1146.870000000,38774
RTSI,0,20161216,100024,1146.800000000,29345
RTSI,0,20161216,100025,1147.020000000,44466
RTSI,0,20161216,100026,1147.110000000,96281
RTSI,0,20161216,100027,1146.990000000,27722
RTSI,0,20161216,100028,1147.060000000,31547
RTSI,0,20161216,100029,1147.070000000,33725
RTSI,0,20161216,100030,1147.020000000,42750
RTSI,0,20161216,100031,1146.410000000,66034
RTSI,0,20161216,100032,1146.350000000,169446
RTSI,0,20161216,100033,1146.200000000,20147
RTSI,0,20161216,100034,1146.170000000,36743
RTSI,0,20161216,100035,1146.170000000,46595
RTSI,0,20161216,100036,1146.190000000,61292
RTSI,0,20161216,100037,1146.100000000,215057
RTSI,0,20161216,100038,1146.010000000,24361
RTSI,0,20161216,100039,1145.840000000,14178
RTSI,0,20161216,100041,1145.720000000,134757
RTSI,0,20161216,100042,1145.750000000,28467
RTSI,0,20161216,100043,1145.660000000,41988
RTSI,0,20161216,100044,1145.710000000,33807
RTSI,0,20161216,100045,1145.770000000,58975
RTSI,0,20161216,100046,1145.630000000,20903
RTSI,0,20161216,100047,1145.550000000,12298
RTSI,0,20161216,100048,1145.540000000,71725
RTSI,0,20161216,100049,1145.530000000,23071
RTSI,0,20161216,100050,1145.390000000,24315
RTSI,0,20161216,100051,1146.080000000,138981
RTSI,0,20161216,100052,1146.070000000,9277
RTSI,0,20161216,100053,1145.990000000,11910
RTSI,0,20161216,100054,1146.170000000,61708
RTSI,0,20161216,100055,1146.010000000,42420
RTSI,0,20161216,100056,1145.930000000,15470
RTSI,0,20161216,100057,1145.850000000,9708
RTSI,0,20161216,100058,1145.720000000,8619
RTSI,0,20161216,100059,1146.350000000,227153
RTSI,0,20161216,100100,1145.940000000,41722
RTSI,0,20161216,100101,1146.220000000,157715
RTSI,0,20161216,100102,1146.130000000,41701
RTSI,0,20161216,100103,1146.450000000,62857
RTSI,0,20161216,100104,1146.450000000,100214
RTSI,0,20161216,100105,1146.540000000,73294
RTSI,0,20161216,100106,1146.340000000,77127
RTSI,0,20161216,100107,1146.290000000,46218
RTSI,0,20161216,100108,1146.560000000,101468
RTSI,0,20161216,100109,1146.620000000,101400
RTSI,0,20161216,100110,1146.520000000,27176
RTSI,0,20161216,100111,1146.410000000,9064
RTSI,0,20161216,100112,1146.210000000,9645
RTSI,0,20161216,100113,1146.520000000,31377
RTSI,0,20161216,100114,1146.610000000,22327
RTSI,0,20161216,100115,1146.590000000,19193
RTSI,0,20161216,100116,1146.520000000,30485
RTSI,0,20161216,100117,1146.410000000,28520
RTSI,0,20161216,100118,1146.340000000,67149
RTSI,0,20161216,100119,1146.280000000,9617
RTSI,0,20161216,100120,1146.350000000,33826
RTSI,0,20161216,100121,1146.310000000,96989
RTSI,0,20161216,100122,1146.290000000,5265
RTSI,0,20161216,100123,1146.390000000,64277
RTSI,0,20161216,100124,1146.400000000,36019
RTSI,0,20161216,100125,1146.400000000,148019
RTSI,0,20161216,100126,1146.220000000,121538
RTSI,0,20161216,100127,1146.330000000,25194
RTSI,0,20161216,100128,1146.340000000,33447
RTSI,0,20161216,100129,1146.310000000,30886
RTSI,0,20161216,100130,1146.260000000,26933
RTSI,0,20161216,100131,1146.320000000,13157
RTSI,0,20161216,100132,1146.300000000,23123
RTSI,0,20161216,100133,1146.420000000,23948
RTSI,0,20161216,100134,1146.350000000,11787
RTSI,0,20161216,100135,1146.360000000,2940
RTSI,0,20161216,100136,1146.460000000,28212
RTSI,0,20161216,100137,1146.460000000,17568
RTSI,0,20161216,100138,1146.670000000,83637
RTSI,0,20161216,100139,1146.770000000,23164
RTSI,0,20161216,100140,1146.770000000,7045
RTSI,0,20161216,100141,1146.930000000,76008
RTSI,0,20161216,100142,1146.890000000,111322
RTSI,0,20161216,100143,1146.860000000,23140
RTSI,0,20161216,100144,1146.810000000,5845
RTSI,0,20161216,100145,1146.650000000,50685
RTSI,0,20161216,100146,1146.540000000,4019
RTSI,0,20161216,100147,1146.260000000,123464
RTSI,0,20161216,100148,1146.300000000,91530
RTSI,0,20161216,100149,1146.300000000,66846
RTSI,0,20161216,100150,1146.250000000,46371
RTSI,0,20161216,100151,1146.960000000,832806
RTSI,0,20161216,100152,1147.090000000,130502
RTSI,0,20161216,100153,1147.190000000,35771
RTSI,0,20161216,100154,1147.130000000,9748
RTSI,0,20161216,100155,1147.110000000,22535
RTSI,0,20161216,100156,1147.140000000,80155
RTSI,0,20161216,100157,1146.980000000,46753
RTSI,0,20161216,100158,1147.150000000,27919
RTSI,0,20161216,100159,1146.940000000,45020
RTSI,0,20161216,100200,1146.860000000,3526
RTSI,0,20161216,100201,1147.020000000,34734
RTSI,0,20161216,100202,1147.180000000,24826
RTSI,0,20161216,100203,1147.160000000,31572
RTSI,0,20161216,100204,1147.210000000,56591
RTSI,0,20161216,100205,1147.290000000,34026
RTSI,0,20161216,100206,1147.130000000,17687
RTSI,0,20161216,100207,1147.150000000,9807
RTSI,0,20161216,100208,1147.130000000,37282
RTSI,0,20161216,100209,1147.080000000,17830
RTSI,0,20161216,100210,1147.470000000,103367
RTSI,0,20161216,100211,1147.390000000,115289
RTSI,0,20161216,100212,1147.270000000,12332
RTSI,0,20161216,100213,1147.250000000,7124
RTSI,0,20161216,100214,1147.190000000,16710
RTSI,0,20161216,100215,1147.130000000,22687
RTSI,0,20161216,100216,1147.160000000,31549
RTSI,0,20161216,100217,1147.180000000,7972
RTSI,0,20161216,100218,1147.150000000,7064
RTSI,0,20161216,100219,1147.170000000,66490
RTSI,0,20161216,100220,1147.160000000,52981
RTSI,0,20161216,100221,1147.160000000,7413
RTSI,0,20161216,100222,1147.110000000,12413
RTSI,0,20161216,100223,1147.140000000,22833
RTSI,0,20161216,100224,1147.180000000,25838
RTSI,0,20161216,100225,1147.200000000,39420
RTSI,0,20161216,100226,1147.160000000,82377
RTSI,0,20161216,100227,1147.050000000,78339
RTSI,0,20161216,100228,1147.150000000,98539
RTSI,0,20161216,100229,1147.990000000,277384
RTSI,0,20161216,100230,1148.250000000,151787
RTSI,0,20161216,100231,1148.240000000,85568
RTSI,0,20161216,100232,1148.390000000,81150
RTSI,0,20161216,100233,1148.580000000,68717
RTSI,0,20161216,100234,1148.480000000,10195
RTSI,0,20161216,100235,1148.610000000,110744
RTSI,0,20161216,100236,1148.530000000,14088
RTSI,0,20161216,100237,1148.580000000,5879
RTSI,0,20161216,100238,1148.570000000,46363
RTSI,0,20161216,100239,1148.600000000,35527
RTSI,0,20161216,100240,1148.560000000,40622
RTSI,0,20161216,100241,1148.480000000,3618
RTSI,0,20161216,100242,1148.430000000,64170
RTSI,0,20161216,100243,1148.360000000,33965
RTSI,0,20161216,100244,1148.200000000,45120
RTSI,0,20161216,100245,1148.160000000,5195
RTSI,0,20161216,100246,1148.180000000,62003
RTSI,0,20161216,100247,1148.150000000,42972
RTSI,0,20161216,100248,1148.170000000,3121
RTSI,0,20161216,100249,1148.100000000,24665
RTSI,0,20161216,100250,1148.000000000,115244
RTSI,0,20161216,100251,1148.180000000,41585
RTSI,0,20161216,100252,1148.490000000,284825
RTSI,0,20161216,100253,1148.310000000,51417
RTSI,0,20161216,100254,1148.430000000,32134
RTSI,0,20161216,100255,1148.280000000,21733
RTSI,0,20161216,100256,1148.370000000,157407
RTSI,0,20161216,100257,1148.440000000,51644
RTSI,0,20161216,100258,1148.410000000,25052
RTSI,0,20161216,100259,1148.390000000,8875
RTSI,0,20161216,100300,1148.370000000,42288
RTSI,0,20161216,100301,1148.450000000,24177
RTSI,0,20161216,100302,1148.460000000,15255
RTSI,0,20161216,100303,1148.590000000,76615
RTSI,0,20161216,100304,1148.280000000,28420
RTSI,0,20161216,100305,1148.240000000,6664
RTSI,0,20161216,100306,1148.200000000,70817
RTSI,0,20161216,100307,1148.210000000,30318
RTSI,0,20161216,100308,1148.250000000,54404
RTSI,0,20161216,100309,1148.140000000,7465
RTSI,0,20161216,100310,1148.210000000,12691
RTSI,0,20161216,100311,1148.080000000,67101
RTSI,0,20161216,100312,1148.050000000,14057
RTSI,0,20161216,100313,1148.030000000,47690
RTSI,0,20161216,100314,1148.030000000,5910
RTSI,0,20161216,100315,1147.860000000,17447
RTSI,0,20161216,100316,1147.810000000,74409
RTSI,0,20161216,100317,1147.730000000,8802
RTSI,0,20161216,100318,1147.830000000,61420
RTSI,0,20161216,100319,1147.760000000,22466
RTSI,0,20161216,100320,1147.830000000,29521
RTSI,0,20161216,100321,1147.790000000,47880
RTSI,0,20161216,100322,1147.770000000,7308
RTSI,0,20161216,100323,1147.770000000,4370
RTSI,0,20161216,100324,1147.640000000,389024
RTSI,0,20161216,100325,1147.620000000,19170
RTSI,0,20161216,100326,1147.510000000,32803
RTSI,0,20161216,100327,1147.550000000,12481
RTSI,0,20161216,100328,1147.570000000,35383
RTSI,0,20161216,100329,1147.490000000,15691
RTSI,0,20161216,100330,1147.440000000,58308
RTSI,0,20161216,100331,1147.460000000,37475
RTSI,0,20161216,100332,1147.530000000,8902
RTSI,0,20161216,100333,1147.540000000,25436
RTSI,0,20161216,100334,1147.430000000,11522
RTSI,0,20161216,100335,1147.390000000,21262
RTSI,0,20161216,100336,1147.370000000,48938
RTSI,0,20161216,100337,1147.350000000,4732
RTSI,0,20161216,100338,1147.490000000,12256
RTSI,0,20161216,100339,1147.450000000,18495
RTSI,0,20161216,100340,1147.500000000,58591
RTSI,0,20161216,100341,1147.390000000,29890
RTSI,0,20161216,100342,1147.520000000,9755
RTSI,0,20161216,100343,1147.630000000,3428
RTSI,0,20161216,100344,1147.580000000,5187
RTSI,0,20161216,100345,1147.580000000,4126
RTSI,0,20161216,100346,1147.620000000,3572
RTSI,0,20161216,100347,1147.620000000,1805
RTSI,0,20161216,100348,1147.580000000,10638
RTSI,0,20161216,100349,1147.570000000,92317
RTSI,0,20161216,100350,1147.670000000,18629
RTSI,0,20161216,100351,1147.690000000,19629
RTSI,0,20161216,100352,1147.710000000,6829
RTSI,0,20161216,100353,1147.660000000,11791
RTSI,0,20161216,100354,1147.740000000,9281
RTSI,0,20161216,100355,1147.740000000,8062
RTSI,0,20161216,100356,1147.570000000,134144
RTSI,0,20161216,100357,1147.720000000,68749
RTSI,0,20161216,100358,1147.710000000,9890
RTSI,0,20161216,100359,1147.690000000,10821
RTSI,0,20161216,100400,1147.590000000,14678
RTSI,0,20161216,100401,1147.660000000,18924
RTSI,0,20161216,100402,1147.670000000,13946
RTSI,0,20161216,100403,1147.550000000,28964
RTSI,0,20161216,100404,1147.590000000,54006
RTSI,0,20161216,100405,1147.660000000,9591
RTSI,0,20161216,100406,1147.690000000,4516
RTSI,0,20161216,100407,1147.820000000,27256
RTSI,0,20161216,100408,1147.510000000,29594
RTSI,0,20161216,100409,1147.510000000,4774
RTSI,0,20161216,100410,1147.510000000,9366
RTSI,0,20161216,100411,1147.590000000,36217
RTSI,0,20161216,100412,1147.410000000,7458
RTSI,0,20161216,100413,1147.540000000,8513
RTSI,0,20161216,100414,1147.480000000,19128
RTSI,0,20161216,100415,1147.500000000,3046
RTSI,0,20161216,100416,1147.530000000,4085
RTSI,0,20161216,100417,1147.530000000,22123
RTSI,0,20161216,100418,1147.530000000,4144
RTSI,0,20161216,100419,1147.590000000,14891
RTSI,0,20161216,100420,1147.610000000,4881
RTSI,0,20161216,100421,1147.530000000,50641
RTSI,0,20161216,100422,1147.510000000,56623
RTSI,0,20161216,100423,1147.580000000,4365
RTSI,0,20161216,100424,1147.540000000,21982
RTSI,0,20161216,100425,1147.560000000,24263
RTSI,0,20161216,100426,1147.610000000,21265
RTSI,0,20161216,100427,1147.590000000,447
RTSI,0,20161216,100428,1147.590000000,23086
RTSI,0,20161216,100429,1147.620000000,49660
RTSI,0,20161216,100430,1147.610000000,4676
RTSI,0,20161216,100431,1147.680000000,13072
RTSI,0,20161216,100432,1147.690000000,2448
RTSI,0,20161216,100433,1147.730000000,17255
RTSI,0,20161216,100434,1147.620000000,7994
RTSI,0,20161216,100435,1147.570000000,131049
RTSI,0,20161216,100436,1147.450000000,97381
RTSI,0,20161216,100437,1147.460000000,22790
RTSI,0,20161216,100438,1147.460000000,25979
RTSI,0,20161216,100439,1147.520000000,13865
RTSI,0,20161216,100440,1147.540000000,5397
RTSI,0,20161216,100441,1147.510000000,45751
RTSI,0,20161216,100442,1147.470000000,78598
RTSI,0,20161216,100443,1147.330000000,403752
RTSI,0,20161216,100444,1147.150000000,47787
RTSI,0,20161216,100445,1147.150000000,54752
RTSI,0,20161216,100446,1147.130000000,43347
RTSI,0,20161216,100447,1147.160000000,29331
RTSI,0,20161216,100448,1147.310000000,51271
RTSI,0,20161216,100449,1147.310000000,4488
RTSI,0,20161216,100450,1147.290000000,30220
RTSI,0,20161216,100451,1147.220000000,3977
RTSI,0,20161216,100452,1147.200000000,15379
RTSI,0,20161216,100453,1147.170000000,67452
RTSI,0,20161216,100454,1147.170000000,33176
RTSI,0,20161216,100455,1147.160000000,149048
RTSI,0,20161216,100456,1147.210000000,44160
RTSI,0,20161216,100457,1147.180000000,40338
RTSI,0,20161216,100458,1147.210000000,18500
RTSI,0,20161216,100459,1147.180000000,14645
RTSI,0,20161216,100500,1147.190000000,34454
RTSI,0,20161216,100501,1147.100000000,32084
RTSI,0,20161216,100502,1147.130000000,50137
RTSI,0,20161216,100503,1147.140000000,44889
RTSI,0,20161216,100504,1146.960000000,26294
RTSI,0,20161216,100505,1147.000000000,83061
RTSI,0,20161216,100506,1147.120000000,39336
RTSI,0,20161216,100507,1146.740000000,63736
RTSI,0,20161216,100508,1146.720000000,28773
RTSI,0,20161216,100509,1146.660000000,61957
RTSI,0,20161216,100510,1146.590000000,13526
RTSI,0,20161216,100511,1146.710000000,34948
RTSI,0,20161216,100512,1146.800000000,15849
RTSI,0,20161216,100513,1146.800000000,8973
RTSI,0,20161216,100514,1146.540000000,58126
RTSI,0,20161216,100515,1146.550000000,42940
RTSI,0,20161216,100516,1146.520000000,6339
RTSI,0,20161216,100517,1146.630000000,68669
RTSI,0,20161216,100518,1146.630000000,31426
RTSI,0,20161216,100519,1146.570000000,35996
RTSI,0,20161216,100520,1146.450000000,62602
RTSI,0,20161216,100521,1146.470000000,43602
RTSI,0,20161216,100522,1146.440000000,47981
RTSI,0,20161216,100523,1146.490000000,26550
RTSI,0,20161216,100524,1146.500000000,102787
RTSI,0,20161216,100525,1146.500000000,45596
RTSI,0,20161216,100526,1146.430000000,7077
RTSI,0,20161216,100527,1146.420000000,3920
RTSI,0,20161216,100528,1146.470000000,22535
RTSI,0,20161216,100529,1146.530000000,93179
RTSI,0,20161216,100530,1146.680000000,139997
RTSI,0,20161216,100531,1146.790000000,224302
RTSI,0,20161216,100532,1146.850000000,38710
RTSI,0,20161216,100533,1146.750000000,19081
RTSI,0,20161216,100534,1146.750000000,16419
RTSI,0,20161216,100535,1146.770000000,41429
RTSI,0,20161216,100536,1146.710000000,7656
RTSI,0,20161216,100537,1146.660000000,3059
RTSI,0,20161216,100538,1146.680000000,24626
RTSI,0,20161216,100539,1146.720000000,25539
RTSI,0,20161216,100540,1146.790000000,50033
RTSI,0,20161216,100541,1146.750000000,70546
RTSI,0,20161216,100542,1146.750000000,4375
RTSI,0,20161216,100543,1146.780000000,6115
RTSI,0,20161216,100544,1146.670000000,9957
RTSI,0,20161216,100545,1146.610000000,11745
RTSI,0,20161216,100546,1146.530000000,34059
RTSI,0,20161216,100547,1146.600000000,56420
RTSI,0,20161216,100548,1146.510000000,49014
RTSI,0,20161216,100549,1146.520000000,6451
RTSI,0,20161216,100550,1146.600000000,32495
RTSI,0,20161216,100551,1146.440000000,195852
RTSI,0,20161216,100552,1146.440000000,11255
RTSI,0,20161216,100553,1146.500000000,42602
RTSI,0,20161216,100554,1146.500000000,41047
RTSI,0,20161216,100555,1146.490000000,12164
RTSI,0,20161216,100556,1146.460000000,40783
RTSI,0,20161216,100557,1146.450000000,14369
RTSI,0,20161216,100558,1146.430000000,46695
RTSI,0,20161216,100559,1146.430000000,4698
RTSI,0,20161216,100600,1146.420000000,347
RTSI,0,20161216,100601,1146.380000000,32950
RTSI,0,20161216,100602,1146.330000000,7987
RTSI,0,20161216,100603,1146.330000000,25531
RTSI,0,20161216,100604,1146.310000000,4504
RTSI,0,20161216,100605,1146.320000000,10949
RTSI,0,20161216,100606,1146.360000000,6032
RTSI,0,20161216,100607,1146.290000000,5448
RTSI,0,20161216,100608,1146.280000000,1930
RTSI,0,20161216,100609,1146.290000000,34612
RTSI,0,20161216,100610,1146.210000000,20402
RTSI,0,20161216,100611,1146.200000000,7343
RTSI,0,20161216,100612,1146.170000000,23989
RTSI,0,20161216,100613,1146.260000000,43785
RTSI,0,20161216,100614,1146.190000000,1797
RTSI,0,20161216,100615,1146.200000000,2726
RTSI,0,20161216,100616,1146.230000000,13122
RTSI,0,20161216,100617,1146.310000000,19535
RTSI,0,20161216,100618,1146.150000000,102955
RTSI,0,20161216,100619,1146.210000000,10528
RTSI,0,20161216,100620,1146.210000000,4241
RTSI,0,20161216,100621,1146.170000000,3450
RTSI,0,20161216,100622,1146.160000000,6474
RTSI,0,20161216,100623,1146.070000000,14969
RTSI,0,20161216,100624,1146.170000000,29690
RTSI,0,20161216,100625,1146.140000000,94777
RTSI,0,20161216,100626,1146.090000000,40344
RTSI,0,20161216,100627,1146.080000000,7554
RTSI,0,20161216,100628,1146.040000000,10533
RTSI,0,20161216,100629,1146.020000000,14270
RTSI,0,20161216,100630,1146.010000000,48959
RTSI,0,20161216,100631,1145.970000000,15545
RTSI,0,20161216,100632,1145.880000000,28047
RTSI,0,20161216,100633,1146.000000000,78405
RTSI,0,20161216,100634,1145.940000000,76437
RTSI,0,20161216,100635,1145.850000000,20026
RTSI,0,20161216,100636,1145.920000000,6054
RTSI,0,20161216,100637,1145.820000000,40847
RTSI,0,20161216,100638,1145.750000000,25391
RTSI,0,20161216,100639,1145.730000000,33334
RTSI,0,20161216,100640,1145.720000000,15822
RTSI,0,20161216,100641,1145.520000000,85814
RTSI,0,20161216,100642,1145.490000000,39345
RTSI,0,20161216,100643,1145.520000000,13015
RTSI,0,20161216,100644,1145.540000000,27243
RTSI,0,20161216,100645,1145.560000000,34283
RTSI,0,20161216,100646,1145.570000000,10940
RTSI,0,20161216,100647,1145.550000000,23724
RTSI,0,20161216,100648,1145.570000000,3388
RTSI,0,20161216,100649,1145.440000000,27517
RTSI,0,20161216,100650,1145.510000000,34146
RTSI,0,20161216,100651,1145.470000000,30166
RTSI,0,20161216,100652,1145.440000000,105678
RTSI,0,20161216,100653,1145.420000000,25296
RTSI,0,20161216,100654,1145.370000000,10680
RTSI,0,20161216,100655,1145.380000000,2348
RTSI,0,20161216,100656,1145.480000000,32137
RTSI,0,20161216,100657,1145.520000000,4984
RTSI,0,20161216,100658,1145.370000000,111327
RTSI,0,20161216,100659,1145.350000000,10617
RTSI,0,20161216,100700,1145.400000000,10625
RTSI,0,20161216,100701,1145.420000000,1869
RTSI,0,20161216,100702,1145.200000000,112956
RTSI,0,20161216,100703,1145.110000000,22397
RTSI,0,20161216,100704,1145.120000000,3077
RTSI,0,20161216,100705,1145.090000000,3524
RTSI,0,20161216,100706,1145.190000000,8957
RTSI,0,20161216,100707,1145.170000000,4287
RTSI,0,20161216,100708,1145.160000000,415
RTSI,0,20161216,100709,1145.220000000,17954
RTSI,0,20161216,100710,1145.180000000,3682
RTSI,0,20161216,100711,1145.150000000,76166
RTSI,0,20161216,100712,1145.140000000,5351
RTSI,0,20161216,100713,1145.140000000,1096
RTSI,0,20161216,100714,1145.090000000,37362
RTSI,0,20161216,100715,1145.120000000,40509
RTSI,0,20161216,100716,1145.040000000,48182
RTSI,0,20161216,100717,1144.980000000,6943
RTSI,0,20161216,100718,1144.970000000,5495
RTSI,0,20161216,100719,1145.010000000,35614
RTSI,0,20161216,100720,1144.950000000,485560
RTSI,0,20161216,100721,1144.880000000,12850
RTSI,0,20161216,100722,1144.850000000,117831
RTSI,0,20161216,100723,1144.840000000,128827
RTSI,0,20161216,100724,1144.870000000,92181
RTSI,0,20161216,100725,1145.180000000,375083
RTSI,0,20161216,100726,1145.090000000,195264
RTSI,0,20161216,100727,1144.970000000,48892
RTSI,0,20161216,100728,1144.920000000,80187
RTSI,0,20161216,100729,1144.980000000,30305
RTSI,0,20161216,100730,1144.930000000,4653
RTSI,0,20161216,100731,1144.900000000,26014
RTSI,0,20161216,100732,1144.900000000,6421
RTSI,0,20161216,100733,1144.890000000,8758
RTSI,0,20161216,100734,1144.880000000,21053
RTSI,0,20161216,100735,1144.900000000,45738
RTSI,0,20161216,100736,1144.900000000,9377
RTSI,0,20161216,100737,1144.850000000,16851
RTSI,0,20161216,100738,1144.940000000,23101
RTSI,0,20161216,100739,1144.970000000,8753
RTSI,0,20161216,100740,1144.970000000,19015
RTSI,0,20161216,100741,1144.830000000,1679
RTSI,0,20161216,100742,1144.770000000,2746
RTSI,0,20161216,100743,1144.820000000,58415
RTSI,0,20161216,100744,1144.840000000,57098
RTSI,0,20161216,100745,1144.870000000,4645
RTSI,0,20161216,100746,1144.830000000,14497
RTSI,0,20161216,100747,1144.760000000,1957
RTSI,0,20161216,100748,1144.760000000,5602
RTSI,0,20161216,100749,1144.870000000,13851
RTSI,0,20161216,100750,1144.870000000,7575
RTSI,0,20161216,100751,1144.800000000,36494
RTSI,0,20161216,100752,1144.790000000,3972
RTSI,0,20161216,100753,1144.860000000,11423
RTSI,0,20161216,100754,1144.780000000,85481
RTSI,0,20161216,100755,1144.730000000,12225
RTSI,0,20161216,100756,1144.620000000,30434
RTSI,0,20161216,100757,1144.710000000,11878
RTSI,0,20161216,100758,1144.800000000,18701
RTSI,0,20161216,100759,1144.670000000,31797
RTSI,0,20161216,100800,1144.630000000,17353
RTSI,0,20161216,100801,1144.560000000,15468
RTSI,0,20161216,100802,1144.520000000,14323
RTSI,0,20161216,100803,1144.510000000,4452
RTSI,0,20161216,100804,1144.500000000,62263
RTSI,0,20161216,100805,1144.480000000,53043
RTSI,0,20161216,100806,1144.460000000,1696
RTSI,0,20161216,100807,1144.530000000,14475
RTSI,0,20161216,100808,1144.540000000,2026
RTSI,0,20161216,100809,1144.570000000,3359
RTSI,0,20161216,100810,1144.540000000,6178
RTSI,0,20161216,100811,1144.570000000,9223
RTSI,0,20161216,100812,1144.450000000,16073
RTSI,0,20161216,100813,1144.590000000,36125
RTSI,0,20161216,100814,1144.600000000,1940
RTSI,0,20161216,100815,1144.590000000,10540
RTSI,0,20161216,100816,1144.560000000,14320
RTSI,0,20161216,100817,1144.560000000,3035
RTSI,0,20161216,100818,1144.570000000,6670
RTSI,0,20161216,100819,1144.420000000,10971
RTSI,0,20161216,100820,1144.500000000,28199
RTSI,0,20161216,100821,1144.490000000,5501
RTSI,0,20161216,100822,1144.490000000,15314
RTSI,0,20161216,100823,1144.630000000,11009
RTSI,0,20161216,100824,1144.570000000,4605
RTSI,0,20161216,100825,1144.600000000,16916
RTSI,0,20161216,100826,1144.540000000,742
RTSI,0,20161216,100827,1144.460000000,648
RTSI,0,20161216,100828,1144.480000000,35276
RTSI,0,20161216,100829,1144.450000000,6824
RTSI,0,20161216,100830,1144.500000000,5841
RTSI,0,20161216,100831,1144.390000000,4618
RTSI,0,20161216,100832,1144.330000000,5310
RTSI,0,20161216,100833,1144.330000000,14004
RTSI,0,20161216,100834,1144.970000000,154442
RTSI,0,20161216,100835,1144.880000000,72457
RTSI,0,20161216,100836,1144.790000000,34856
RTSI,0,20161216,100837,1144.750000000,18502
RTSI,0,20161216,100838,1144.720000000,10846
RTSI,0,20161216,100839,1144.720000000,3665
RTSI,0,20161216,100840,1144.660000000,5293
RTSI,0,20161216,100841,1144.550000000,15755
RTSI,0,20161216,100842,1144.520000000,10501
RTSI,0,20161216,100843,1144.500000000,35147
RTSI,0,20161216,100844,1144.480000000,11454
RTSI,0,20161216,100845,1144.460000000,6060
RTSI,0,20161216,100846,1144.410000000,3422
RTSI,0,20161216,100847,1144.460000000,40116
RTSI,0,20161216,100848,1144.510000000,8054
RTSI,0,20161216,100849,1144.510000000,2979
RTSI,0,20161216,100850,1144.420000000,27262
RTSI,0,20161216,100851,1144.400000000,4431
RTSI,0,20161216,100852,1144.420000000,13246
RTSI,0,20161216,100853,1144.370000000,11031
RTSI,0,20161216,100854,1144.360000000,54
RTSI,0,20161216,100855,1144.410000000,14089
RTSI,0,20161216,100856,1144.410000000,1233
RTSI,0,20161216,100857,1144.360000000,67766
RTSI,0,20161216,100858,1144.350000000,0
RTSI,0,20161216,100859,1144.220000000,19285
RTSI,0,20161216,100900,1144.220000000,24906
RTSI,0,20161216,100901,1144.210000000,573
RTSI,0,20161216,100902,1144.190000000,5959
RTSI,0,20161216,100903,1144.200000000,43317
RTSI,0,20161216,100904,1144.210000000,3383
RTSI,0,20161216,100905,1144.170000000,10833
RTSI,0,20161216,100906,1144.170000000,2352
RTSI,0,20161216,100907,1144.120000000,15975
RTSI,0,20161216,100908,1144.160000000,12620
RTSI,0,20161216,100909,1144.240000000,77459
RTSI,0,20161216,100910,1144.240000000,2281
RTSI,0,20161216,100912,1144.170000000,116852
RTSI,0,20161216,100913,1144.080000000,31984
RTSI,0,20161216,100914,1144.020000000,7668
RTSI,0,20161216,100915,1144.010000000,6415
RTSI,0,20161216,100916,1143.990000000,13732
RTSI,0,20161216,100917,1143.990000000,3757
RTSI,0,20161216,100918,1143.960000000,109
RTSI,0,20161216,100919,1143.960000000,5029
RTSI,0,20161216,100920,1143.990000000,6833
RTSI,0,20161216,100921,1143.970000000,34599
RTSI,0,20161216,100922,1143.960000000,12528
RTSI,0,20161216,100923,1143.910000000,1930
RTSI,0,20161216,100924,1143.910000000,997
RTSI,0,20161216,100925,1143.870000000,12079
RTSI,0,20161216,100926,1143.830000000,10546
RTSI,0,20161216,100927,1143.880000000,20632
RTSI,0,20161216,100928,1143.890000000,1277
RTSI,0,20161216,100929,1143.890000000,3912
RTSI,0,20161216,100930,1143.860000000,28300
RTSI,0,20161216,100931,1143.790000000,21581
RTSI,0,20161216,100932,1143.840000000,4959
RTSI,0,20161216,100933,1143.870000000,34055
RTSI,0,20161216,100934,1143.940000000,1174
RTSI,0,20161216,100935,1143.910000000,9119
RTSI,0,20161216,100936,1143.920000000,3782
RTSI,0,20161216,100937,1143.920000000,5157
RTSI,0,20161216,100938,1143.850000000,35846
RTSI,0,20161216,100939,1143.860000000,309
RTSI,0,20161216,100940,1143.860000000,8415
RTSI,0,20161216,100941,1143.810000000,13857
RTSI,0,20161216,100942,1143.810000000,46134
RTSI,0,20161216,100943,1143.850000000,1684
RTSI,0,20161216,100944,1143.840000000,137759
RTSI,0,20161216,100945,1143.860000000,1707
RTSI,0,20161216,100946,1143.890000000,1627
RTSI,0,20161216,100947,1143.900000000,13458
RTSI,0,20161216,100948,1143.890000000,8380
RTSI,0,20161216,100949,1143.880000000,17324
RTSI,0,20161216,100950,1143.880000000,8916
RTSI,0,20161216,100951,1143.880000000,21778
RTSI,0,20161216,100952,1143.780000000,70519
RTSI,0,20161216,100953,1143.680000000,9082
RTSI,0,20161216,100954,1143.740000000,6540
RTSI,0,20161216,100955,1143.660000000,19562
RTSI,0,20161216,100956,1143.640000000,118383
RTSI,0,20161216,100957,1143.650000000,19817
RTSI,0,20161216,100958,1143.680000000,15571
RTSI,0,20161216,100959,1143.690000000,7159
RTSI,0,20161216,101000,1143.700000000,5807
RTSI,0,20161216,101001,1143.790000000,57251
RTSI,0,20161216,101002,1143.740000000,3413
RTSI,0,20161216,101003,1143.880000000,95598
RTSI,0,20161216,101004,1143.950000000,4890
RTSI,0,20161216,101005,1143.880000000,12363
RTSI,0,20161216,101006,1143.910000000,4371
RTSI,0,20161216,101007,1143.920000000,558
RTSI,0,20161216,101008,1143.860000000,71185
RTSI,0,20161216,101009,1143.860000000,4869
RTSI,0,20161216,101010,1143.880000000,44774
RTSI,0,20161216,101011,1144.000000000,56987
RTSI,0,20161216,101012,1144.050000000,15484
RTSI,0,20161216,101013,1144.080000000,1782
RTSI,0,20161216,101014,1144.090000000,3285
RTSI,0,20161216,101015,1143.950000000,84682
RTSI,0,20161216,101016,1143.990000000,11652
RTSI,0,20161216,101017,1143.970000000,23758
RTSI,0,20161216,101018,1143.980000000,2877
RTSI,0,20161216,101019,1144.030000000,17064
RTSI,0,20161216,101020,1144.040000000,14253
RTSI,0,20161216,101021,1144.080000000,9286
RTSI,0,20161216,101022,1144.010000000,150762
RTSI,0,20161216,101023,1144.000000000,2328
RTSI,0,20161216,101024,1144.000000000,8044
RTSI,0,20161216,101025,1144.020000000,23244
RTSI,0,20161216,101026,1144.030000000,18865
RTSI,0,20161216,101027,1144.040000000,10937
RTSI,0,20161216,101028,1144.040000000,469
RTSI,0,20161216,101029,1144.110000000,25562
RTSI,0,20161216,101030,1144.130000000,3288
RTSI,0,20161216,101031,1143.960000000,36230
RTSI,0,20161216,101032,1143.980000000,18907
RTSI,0,20161216,101033,1143.920000000,8423
RTSI,0,20161216,101034,1143.960000000,66507
RTSI,0,20161216,101035,1144.050000000,1265
RTSI,0,20161216,101036,1144.080000000,31688
RTSI,0,20161216,101037,1144.100000000,7278
RTSI,0,20161216,101038,1144.070000000,4823
RTSI,0,20161216,101039,1144.040000000,1448
RTSI,0,20161216,101040,1144.010000000,16012
RTSI,0,20161216,101041,1144.020000000,8486
RTSI,0,20161216,101042,1144.230000000,28345
RTSI,0,20161216,101043,1144.190000000,126195
RTSI,0,20161216,101044,1144.140000000,10403
RTSI,0,20161216,101045,1144.110000000,10167
RTSI,0,20161216,101046,1144.080000000,5534
RTSI,0,20161216,101047,1144.110000000,10379
RTSI,0,20161216,101048,1144.120000000,3003
RTSI,0,20161216,101049,1144.120000000,1154
RTSI,0,20161216,101050,1144.120000000,451
RTSI,0,20161216,101051,1144.330000000,30163
RTSI,0,20161216,101052,1144.320000000,15147
RTSI,0,20161216,101053,1144.320000000,209
RTSI,0,20161216,101054,1144.250000000,4646
RTSI,0,20161216,101055,1144.220000000,3041
RTSI,0,20161216,101056,1144.240000000,4989
RTSI,0,20161216,101057,1144.250000000,20382
RTSI,0,20161216,101058,1144.230000000,1959
RTSI,0,20161216,101059,1144.230000000,6447
RTSI,0,20161216,101100,1144.220000000,76657
RTSI,0,20161216,101101,1144.210000000,6457
RTSI,0,20161216,101102,1144.140000000,32570
RTSI,0,20161216,101103,1144.150000000,15037
RTSI,0,20161216,101104,1144.240000000,69513
RTSI,0,20161216,101105,1144.260000000,3805
RTSI,0,20161216,101106,1144.260000000,2941
RTSI,0,20161216,101107,1144.250000000,12738
RTSI,0,20161216,101108,1144.230000000,19235
RTSI,0,20161216,101109,1144.250000000,10782
RTSI,0,20161216,101110,1144.220000000,31293
RTSI,0,20161216,101111,1144.160000000,112122
RTSI,0,20161216,101112,1144.100000000,2409
RTSI,0,20161216,101113,1144.130000000,728
RTSI,0,20161216,101114,1144.120000000,10653
RTSI,0,20161216,101115,1144.090000000,9918
RTSI,0,20161216,101116,1144.050000000,27371
RTSI,0,20161216,101117,1144.030000000,8383
RTSI,0,20161216,101118,1144.000000000,1965
RTSI,0,20161216,101119,1143.960000000,4969
RTSI,0,20161216,101120,1143.980000000,6361
RTSI,0,20161216,101121,1144.030000000,13536
RTSI,0,20161216,101122,1144.010000000,2070
RTSI,0,20161216,101123,1144.080000000,15453
RTSI,0,20161216,101124,1144.080000000,4045
RTSI,0,20161216,101125,1144.100000000,2886
RTSI,0,20161216,101126,1144.080000000,19398
RTSI,0,20161216,101127,1144.040000000,2496
RTSI,0,20161216,101128,1144.090000000,9163
RTSI,0,20161216,101129,1144.090000000,1052
RTSI,0,20161216,101130,1144.130000000,4610
RTSI,0,20161216,101131,1144.110000000,35729
RTSI,0,20161216,101132,1143.930000000,8247
RTSI,0,20161216,101133,1143.930000000,667
RTSI,0,20161216,101134,1143.920000000,4638
RTSI,0,20161216,101135,1143.990000000,8554
RTSI,0,20161216,101136,1144.010000000,14377
RTSI,0,20161216,101137,1143.990000000,13600
RTSI,0,20161216,101138,1143.860000000,115029
RTSI,0,20161216,101139,1143.950000000,21521
RTSI,0,20161216,101140,1143.890000000,11518
RTSI,0,20161216,101141,1143.910000000,3022
RTSI,0,20161216,101142,1143.910000000,2145
RTSI,0,20161216,101143,1143.860000000,18027
RTSI,0,20161216,101144,1143.880000000,18990
RTSI,0,20161216,101145,1143.840000000,11171
RTSI,0,20161216,101146,1143.870000000,8471
RTSI,0,20161216,101147,1143.850000000,17107
RTSI,0,20161216,101148,1143.860000000,32488
RTSI,0,20161216,101149,1143.880000000,2646
RTSI,0,20161216,101150,1143.860000000,24718
RTSI,0,20161216,101151,1143.840000000,805
RTSI,0,20161216,101152,1143.870000000,3066
RTSI,0,20161216,101153,1143.980000000,62416
RTSI,0,20161216,101154,1143.960000000,21824
RTSI,0,20161216,101155,1143.890000000,4245
RTSI,0,20161216,101156,1143.900000000,35132
RTSI,0,20161216,101157,1143.880000000,6434
RTSI,0,20161216,101158,1143.870000000,15883
RTSI,0,20161216,101159,1143.840000000,41659
RTSI,0,20161216,101200,1143.890000000,24757
RTSI,0,20161216,101201,1143.960000000,5601
RTSI,0,20161216,101202,1143.990000000,11753
RTSI,0,20161216,101203,1143.960000000,8082
RTSI,0,20161216,101204,1144.050000000,18852
RTSI,0,20161216,101205,1144.030000000,11325
RTSI,0,20161216,101206,1144.080000000,25631
RTSI,0,20161216,101207,1144.060000000,55974
RTSI,0,20161216,101208,1144.120000000,22008
RTSI,0,20161216,101209,1143.950000000,38612
RTSI,0,20161216,101210,1143.870000000,61348
RTSI,0,20161216,101211,1143.510000000,134190
RTSI,0,20161216,101212,1143.590000000,7720
RTSI,0,20161216,101213,1143.570000000,9974
RTSI,0,20161216,101214,1143.580000000,1873
RTSI,0,20161216,101215,1143.600000000,26391
RTSI,0,20161216,101216,1143.610000000,50216
RTSI,0,20161216,101217,1143.630000000,1726
RTSI,0,20161216,101218,1143.630000000,13574
RTSI,0,20161216,101219,1143.660000000,3401
RTSI,0,20161216,101220,1143.690000000,20083
RTSI,0,20161216,101221,1143.710000000,10051
RTSI,0,20161216,101222,1143.650000000,18166
RTSI,0,20161216,101223,1143.700000000,1703
RTSI,0,20161216,101224,1143.730000000,2386
RTSI,0,20161216,101225,1143.700000000,8947
RTSI,0,20161216,101226,1143.720000000,4124
RTSI,0,20161216,101227,1143.700000000,68460
RTSI,0,20161216,101228,1143.690000000,5930
RTSI,0,20161216,101229,1143.580000000,28916
RTSI,0,20161216,101230,1143.510000000,34567
RTSI,0,20161216,101231,1143.550000000,14858
RTSI,0,20161216,101232,1143.550000000,1731
RTSI,0,20161216,101233,1143.490000000,19946
RTSI,0,20161216,101234,1143.510000000,45167
RTSI,0,20161216,101235,1143.510000000,18301
RTSI,0,20161216,101236,1143.490000000,158441
RTSI,0,20161216,101237,1143.500000000,2887
RTSI,0,20161216,101238,1143.460000000,53851
RTSI,0,20161216,101239,1143.460000000,32295
RTSI,0,20161216,101240,1143.420000000,6032
RTSI,0,20161216,101241,1143.420000000,7546
RTSI,0,20161216,101242,1143.430000000,116
RTSI,0,20161216,101243,1143.530000000,27767
RTSI,0,20161216,101244,1143.470000000,89282
RTSI,0,20161216,101245,1143.120000000,57743
RTSI,0,20161216,101246,1143.140000000,903
RTSI,0,20161216,101247,1143.150000000,2079
RTSI,0,20161216,101248,1143.150000000,24016
RTSI,0,20161216,101249,1143.140000000,3709
RTSI,0,20161216,101250,1143.160000000,6265
RTSI,0,20161216,101251,1143.130000000,2564
RTSI,0,20161216,101252,1143.120000000,3191
RTSI,0,20161216,101253,1143.110000000,5959
RTSI,0,20161216,101254,1143.100000000,11254
RTSI,0,20161216,101255,1143.120000000,10634
RTSI,0,20161216,101256,1143.090000000,36042
RTSI,0,20161216,101257,1143.070000000,2637
RTSI,0,20161216,101258,1143.110000000,17732
RTSI,0,20161216,101259,1143.100000000,0
RTSI,0,20161216,101300,1143.130000000,25987
RTSI,0,20161216,101301,1143.130000000,10219
RTSI,0,20161216,101302,1143.130000000,4541
RTSI,0,20161216,101303,1143.110000000,7529
RTSI,0,20161216,101304,1143.080000000,28703
RTSI,0,20161216,101305,1143.070000000,7635
RTSI,0,20161216,101306,1143.040000000,2327
RTSI,0,20161216,101307,1143.030000000,24574
RTSI,0,20161216,101308,1143.020000000,10404
RTSI,0,20161216,101309,1143.090000000,6983
RTSI,0,20161216,101310,1143.120000000,1122
RTSI,0,20161216,101311,1143.140000000,89
RTSI,0,20161216,101312,1143.160000000,1634
RTSI,0,20161216,101313,1143.300000000,117924
RTSI,0,20161216,101314,1143.260000000,2304
RTSI,0,20161216,101315,1143.350000000,124774
RTSI,0,20161216,101316,1143.390000000,12143
RTSI,0,20161216,101317,1143.420000000,13527
RTSI,0,20161216,101318,1143.400000000,14570
RTSI,0,20161216,101319,1143.460000000,45024
RTSI,0,20161216,101320,1143.410000000,6329
RTSI,0,20161216,101321,1142.880000000,456122
RTSI,0,20161216,101322,1143.310000000,66156
RTSI,0,20161216,101323,1143.390000000,17105
RTSI,0,20161216,101324,1143.340000000,6414
RTSI,0,20161216,101325,1143.390000000,6677
RTSI,0,20161216,101326,1143.430000000,90897
RTSI,0,20161216,101327,1143.440000000,6811
RTSI,0,20161216,101328,1143.120000000,31822
RTSI,0,20161216,101329,1143.310000000,14046
RTSI,0,20161216,101330,1143.260000000,4006
RTSI,0,20161216,101331,1143.230000000,9046
RTSI,0,20161216,101332,1143.290000000,3409
RTSI,0,20161216,101333,1143.300000000,1860
RTSI,0,20161216,101334,1143.290000000,4108
RTSI,0,20161216,101335,1143.350000000,7562
RTSI,0,20161216,101336,1143.320000000,39535
RTSI,0,20161216,101337,1143.270000000,1805
RTSI,0,20161216,101338,1143.380000000,8504
RTSI,0,20161216,101339,1143.390000000,7640
RTSI,0,20161216,101340,1143.420000000,4027
RTSI,0,20161216,101341,1143.420000000,1006
RTSI,0,20161216,101342,1143.340000000,3225
RTSI,0,20161216,101343,1143.330000000,3310
RTSI,0,20161216,101344,1143.250000000,55417
RTSI,0,20161216,101345,1143.230000000,146439
RTSI,0,20161216,101346,1143.040000000,387468
RTSI,0,20161216,101347,1142.640000000,291509
RTSI,0,20161216,101348,1142.680000000,37447
RTSI,0,20161216,101349,1142.580000000,97450
RTSI,0,20161216,101350,1142.520000000,38236
RTSI,0,20161216,101351,1142.350000000,49414
RTSI,0,20161216,101352,1142.440000000,138854
RTSI,0,20161216,101353,1142.300000000,43471
RTSI,0,20161216,101354,1142.180000000,27221
RTSI,0,20161216,101355,1142.200000000,117682
RTSI,0,20161216,101356,1142.290000000,49134
RTSI,0,20161216,101357,1142.230000000,43070
RTSI,0,20161216,101358,1142.180000000,28790
RTSI,0,20161216,101359,1142.190000000,14713
RTSI,0,20161216,101400,1142.030000000,29396
RTSI,0,20161216,101401,1142.020000000,5484
RTSI,0,20161216,101402,1142.100000000,46640
RTSI,0,20161216,101403,1142.110000000,30115
RTSI,0,20161216,101404,1142.180000000,26368
RTSI,0,20161216,101405,1142.190000000,15450
RTSI,0,20161216,101406,1142.220000000,20992
RTSI,0,20161216,101407,1142.160000000,11450
RTSI,0,20161216,101408,1142.230000000,20992
RTSI,0,20161216,101409,1142.400000000,12902
RTSI,0,20161216,101410,1142.390000000,4670
RTSI,0,20161216,101411,1142.340000000,3090
RTSI,0,20161216,101412,1142.350000000,705
RTSI,0,20161216,101413,1142.260000000,15988
RTSI,0,20161216,101414,1142.350000000,15051
RTSI,0,20161216,101415,1142.380000000,391
RTSI,0,20161216,101416,1142.310000000,8394
RTSI,0,20161216,101417,1142.360000000,7824
RTSI,0,20161216,101418,1142.340000000,10844
RTSI,0,20161216,101419,1142.390000000,4643
RTSI,0,20161216,101420,1142.360000000,10129
RTSI,0,20161216,101421,1142.450000000,5113
RTSI,0,20161216,101422,1142.440000000,3190
RTSI,0,20161216,101423,1142.540000000,14768
RTSI,0,20161216,101424,1142.560000000,918
RTSI,0,20161216,101425,1142.530000000,941
RTSI,0,20161216,101426,1142.550000000,9325
RTSI,0,20161216,101427,1142.610000000,12584
RTSI,0,20161216,101428,1142.490000000,3605
RTSI,0,20161216,101429,1142.720000000,5652
RTSI,0,20161216,101430,1142.700000000,3203
RTSI,0,20161216,101431,1142.690000000,4178
RTSI,0,20161216,101432,1142.740000000,8450
RTSI,0,20161216,101433,1142.660000000,2653
RTSI,0,20161216,101434,1142.690000000,34221
RTSI,0,20161216,101435,1142.680000000,6472
RTSI,0,20161216,101436,1142.700000000,4581
RTSI,0,20161216,101437,1142.670000000,4519
RTSI,0,20161216,101438,1142.760000000,3531
RTSI,0,20161216,101439,1142.740000000,21188
RTSI,0,20161216,101440,1142.780000000,6530
RTSI,0,20161216,101441,1142.810000000,21367
RTSI,0,20161216,101442,1142.810000000,5334
RTSI,0,20161216,101443,1142.900000000,14468
RTSI,0,20161216,101444,1142.920000000,31725
RTSI,0,20161216,101445,1142.920000000,33527
RTSI,0,20161216,101446,1142.920000000,3111
RTSI,0,20161216,101447,1142.870000000,2965
RTSI,0,20161216,101448,1142.880000000,5980
RTSI,0,20161216,101449,1142.860000000,3821
RTSI,0,20161216,101450,1142.830000000,10638
RTSI,0,20161216,101451,1142.810000000,20299
RTSI,0,20161216,101452,1142.810000000,53248
RTSI,0,20161216,101453,1142.850000000,15317
RTSI,0,20161216,101454,1142.760000000,19084
RTSI,0,20161216,101455,1142.760000000,20308
RTSI,0,20161216,101456,1142.750000000,19564
RTSI,0,20161216,101457,1142.760000000,20256
RTSI,0,20161216,101458,1142.700000000,51222
RTSI,0,20161216,101459,1142.680000000,257626
RTSI,0,20161216,101500,1142.640000000,63357
RTSI,0,20161216,101501,1142.710000000,107217
RTSI,0,20161216,101502,1142.740000000,30640
RTSI,0,20161216,101503,1142.870000000,10434
RTSI,0,20161216,101504,1142.710000000,15422
RTSI,0,20161216,101505,1142.730000000,763
RTSI,0,20161216,101506,1142.750000000,26311
RTSI,0,20161216,101507,1142.740000000,16461
RTSI,0,20161216,101508,1142.770000000,4184
RTSI,0,20161216,101509,1142.810000000,6899
RTSI,0,20161216,101510,1142.810000000,24851
RTSI,0,20161216,101511,1142.810000000,6580
RTSI,0,20161216,101512,1142.880000000,8252
RTSI,0,20161216,101513,1142.980000000,6225
RTSI,0,20161216,101514,1142.970000000,14699
RTSI,0,20161216,101515,1142.970000000,26833
RTSI,0,20161216,101516,1142.880000000,42112
RTSI,0,20161216,101517,1142.920000000,35391
RTSI,0,20161216,101518,1143.060000000,5109
RTSI,0,20161216,101519,1143.050000000,4669
RTSI,0,20161216,101520,1143.060000000,4002
RTSI,0,20161216,101521,1143.010000000,11863
RTSI,0,20161216,101522,1143.090000000,18881
RTSI,0,20161216,101523,1143.030000000,3246
RTSI,0,20161216,101524,1142.980000000,8426
RTSI,0,20161216,101525,1143.030000000,2377
RTSI,0,20161216,101526,1143.050000000,283
RTSI,0,20161216,101527,1143.040000000,994
RTSI,0,20161216,101528,1143.020000000,191
RTSI,0,20161216,101529,1143.010000000,3506
RTSI,0,20161216,101530,1142.920000000,25841
RTSI,0,20161216,101531,1142.930000000,15353
RTSI,0,20161216,101532,1142.950000000,2404
RTSI,0,20161216,101533,1142.900000000,33076
RTSI,0,20161216,101534,1142.850000000,3638
RTSI,0,20161216,101535,1142.920000000,130907
RTSI,0,20161216,101536,1142.910000000,2712
RTSI,0,20161216,101537,1142.910000000,3287
RTSI,0,20161216,101538,1142.870000000,867
RTSI,0,20161216,101539,1142.860000000,33669
RTSI,0,20161216,101540,1142.860000000,14265
RTSI,0,20161216,101541,1142.860000000,3314
RTSI,0,20161216,101542,1142.850000000,18247
RTSI,0,20161216,101543,1142.830000000,6131
RTSI,0,20161216,101544,1142.830000000,1822
RTSI,0,20161216,101545,1142.830000000,3108
RTSI,0,20161216,101546,1142.850000000,7311
RTSI,0,20161216,101547,1142.950000000,4082
RTSI,0,20161216,101548,1142.900000000,7939
RTSI,0,20161216,101549,1142.890000000,2285
RTSI,0,20161216,101550,1142.860000000,3155
RTSI,0,20161216,101551,1142.840000000,0
RTSI,0,20161216,101552,1142.840000000,9501
RTSI,0,20161216,101553,1142.880000000,0
RTSI,0,20161216,101554,1142.920000000,6924
RTSI,0,20161216,101555,1142.840000000,2467
RTSI,0,20161216,101556,1142.850000000,489
RTSI,0,20161216,101557,1142.880000000,5915
RTSI,0,20161216,101558,1142.860000000,14059
RTSI,0,20161216,101559,1142.840000000,3031
RTSI,0,20161216,101600,1142.830000000,3087
RTSI,0,20161216,101601,1142.880000000,5809
RTSI,0,20161216,101602,1142.870000000,1709
RTSI,0,20161216,101603,1142.830000000,13241
RTSI,0,20161216,101604,1142.870000000,8433
RTSI,0,20161216,101605,1142.850000000,11923
RTSI,0,20161216,101606,1142.900000000,2690
RTSI,0,20161216,101607,1142.890000000,1666
RTSI,0,20161216,101608,1142.880000000,977
RTSI,0,20161216,101609,1142.870000000,1672
RTSI,0,20161216,101610,1142.880000000,17460
RTSI,0,20161216,101611,1142.810000000,84834
RTSI,0,20161216,101612,1142.830000000,7673
RTSI,0,20161216,101613,1142.890000000,15231
RTSI,0,20161216,101614,1142.870000000,386
RTSI,0,20161216,101615,1142.860000000,5732
RTSI,0,20161216,101616,1142.840000000,17009
RTSI,0,20161216,101617,1142.830000000,0
RTSI,0,20161216,101618,1142.830000000,1224
RTSI,0,20161216,101619,1142.860000000,32595
RTSI,0,20161216,101620,1142.880000000,5939
RTSI,0,20161216,101621,1142.850000000,2239
RTSI,0,20161216,101622,1142.890000000,14311
RTSI,0,20161216,101623,1142.890000000,4856
RTSI,0,20161216,101624,1142.830000000,379
RTSI,0,20161216,101625,1142.870000000,3835
RTSI,0,20161216,101626,1142.870000000,52
RTSI,0,20161216,101627,1142.830000000,9482
RTSI,0,20161216,101628,1142.840000000,1481
RTSI,0,20161216,101629,1142.810000000,1875
RTSI,0,20161216,101630,1142.810000000,180
RTSI,0,20161216,101631,1142.800000000,3690
RTSI,0,20161216,101632,1142.800000000,148
RTSI,0,20161216,101633,1142.780000000,3133
RTSI,0,20161216,101634,1142.770000000,1783
RTSI,0,20161216,101635,1142.820000000,5699
RTSI,0,20161216,101636,1142.820000000,2197
RTSI,0,20161216,101637,1142.790000000,4591
RTSI,0,20161216,101638,1142.830000000,17694
RTSI,0,20161216,101639,1142.840000000,8218
RTSI,0,20161216,101640,1142.840000000,909
RTSI,0,20161216,101641,1142.840000000,1677
RTSI,0,20161216,101642,1142.840000000,21735
RTSI,0,20161216,101643,1142.850000000,37252
RTSI,0,20161216,101644,1142.860000000,35287
RTSI,0,20161216,101645,1142.890000000,97581
RTSI,0,20161216,101646,1142.900000000,2163
RTSI,0,20161216,101647,1142.880000000,2234
RTSI,0,20161216,101648,1142.880000000,416
RTSI,0,20161216,101649,1142.870000000,764
RTSI,0,20161216,101650,1142.890000000,80055
RTSI,0,20161216,101651,1143.000000000,60426
RTSI,0,20161216,101652,1143.030000000,26338
RTSI,0,20161216,101653,1143.050000000,21104
RTSI,0,20161216,101654,1143.010000000,16553
RTSI,0,20161216,101655,1143.030000000,983
RTSI,0,20161216,101656,1142.990000000,2314
RTSI,0,20161216,101657,1142.890000000,9491
RTSI,0,20161216,101658,1142.840000000,12753
RTSI,0,20161216,101659,1142.770000000,3096
RTSI,0,20161216,101700,1142.770000000,491
RTSI,0,20161216,101701,1142.840000000,5863
RTSI,0,20161216,101702,1142.650000000,110691
RTSI,0,20161216,101703,1142.720000000,13237
RTSI,0,20161216,101704,1142.700000000,11545
RTSI,0,20161216,101705,1142.680000000,6109
RTSI,0,20161216,101706,1142.630000000,66858
RTSI,0,20161216,101707,1142.640000000,14081
RTSI,0,20161216,101708,1142.540000000,19815
RTSI,0,20161216,101709,1142.590000000,9271
RTSI,0,20161216,101710,1142.690000000,4382
RTSI,0,20161216,101711,1142.620000000,344
RTSI,0,20161216,101712,1142.660000000,1234
RTSI,0,20161216,101713,1142.640000000,12239
RTSI,0,20161216,101714,1142.660000000,9751
RTSI,0,20161216,101715,1142.660000000,10417
RTSI,0,20161216,101716,1142.640000000,11545
RTSI,0,20161216,101717,1142.600000000,21706
RTSI,0,20161216,101718,1142.600000000,223
RTSI,0,20161216,101719,1142.600000000,1037
RTSI,0,20161216,101720,1142.650000000,5334
RTSI,0,20161216,101721,1142.650000000,5711
RTSI,0,20161216,101722,1142.660000000,2935
RTSI,0,20161216,101723,1142.770000000,39632
RTSI,0,20161216,101724,1142.810000000,24729
RTSI,0,20161216,101725,1142.840000000,285
RTSI,0,20161216,101726,1142.860000000,11360
RTSI,0,20161216,101727,1142.830000000,40428
RTSI,0,20161216,101728,1142.840000000,12675
RTSI,0,20161216,101729,1142.830000000,9023
RTSI,0,20161216,101730,1142.820000000,2528
RTSI,0,20161216,101731,1142.840000000,23823
RTSI,0,20161216,101732,1142.810000000,14326
RTSI,0,20161216,101733,1142.740000000,36678
RTSI,0,20161216,101734,1142.740000000,21743
RTSI,0,20161216,101735,1142.800000000,4390
RTSI,0,20161216,101736,1142.800000000,68178
RTSI,0,20161216,101737,1142.730000000,19901
RTSI,0,20161216,101738,1142.770000000,13439
RTSI,0,20161216,101739,1142.710000000,13359
RTSI,0,20161216,101740,1142.710000000,8644
RTSI,0,20161216,101741,1142.780000000,11838
RTSI,0,20161216,101742,1142.760000000,4431
RTSI,0,20161216,101743,1142.740000000,2064
RTSI,0,20161216,101744,1142.830000000,37551
RTSI,0,20161216,101745,1142.830000000,7797
RTSI,0,20161216,101746,1142.790000000,804
RTSI,0,20161216,101747,1142.780000000,1613
RTSI,0,20161216,101748,1142.760000000,3701
RTSI,0,20161216,101749,1142.780000000,169
RTSI,0,20161216,101750,1142.840000000,20735
RTSI,0,20161216,101751,1142.760000000,76806
RTSI,0,20161216,101752,1142.810000000,57038
RTSI,0,20161216,101753,1142.780000000,9287
RTSI,0,20161216,101754,1142.870000000,18577
RTSI,0,20161216,101755,1142.890000000,1740
RTSI,0,20161216,101756,1142.880000000,258
RTSI,0,20161216,101757,1142.930000000,2510
RTSI,0,20161216,101758,1142.870000000,7499
RTSI,0,20161216,101759,1142.870000000,814
RTSI,0,20161216,101800,1142.860000000,26607
RTSI,0,20161216,101801,1142.840000000,9464
RTSI,0,20161216,101802,1142.780000000,27640
RTSI,0,20161216,101803,1142.750000000,17302
RTSI,0,20161216,101804,1142.690000000,8550
RTSI,0,20161216,101806,1142.790000000,14529
RTSI,0,20161216,101808,1142.780000000,813
RTSI,0,20161216,101809,1142.700000000,10793
RTSI,0,20161216,101810,1142.690000000,6261
RTSI,0,20161216,101811,1142.590000000,80092
RTSI,0,20161216,101812,1142.570000000,7132
RTSI,0,20161216,101813,1142.580000000,14116
RTSI,0,20161216,101814,1142.570000000,3442
RTSI,0,20161216,101815,1142.610000000,758
RTSI,0,20161216,101816,1142.660000000,1482
RTSI,0,20161216,101817,1142.570000000,37264
RTSI,0,20161216,101818,1142.520000000,21771
RTSI,0,20161216,101819,1142.470000000,4890
RTSI,0,20161216,101820,1142.450000000,1709
RTSI,0,20161216,101821,1142.460000000,19237
RTSI,0,20161216,101822,1142.450000000,26056
RTSI,0,20161216,101823,1142.450000000,46446
RTSI,0,20161216,101824,1142.420000000,15678
RTSI,0,20161216,101826,1142.430000000,1936
RTSI,0,20161216,101827,1142.440000000,6513
RTSI,0,20161216,101828,1142.470000000,2124
RTSI,0,20161216,101829,1142.500000000,24622
RTSI,0,20161216,101830,1142.540000000,1748
RTSI,0,20161216,101831,1142.540000000,0
RTSI,0,20161216,101832,1142.530000000,0
RTSI,0,20161216,101833,1142.520000000,8674
RTSI,0,20161216,101834,1142.540000000,10618
RTSI,0,20161216,101835,1142.510000000,4648
RTSI,0,20161216,101836,1142.530000000,43978
RTSI,0,20161216,101837,1142.530000000,20602
RTSI,0,20161216,101838,1142.570000000,6063
RTSI,0,20161216,101839,1142.610000000,3058
RTSI,0,20161216,101840,1142.510000000,18405
RTSI,0,20161216,101841,1142.510000000,0
RTSI,0,20161216,101842,1142.540000000,11614
RTSI,0,20161216,101843,1142.510000000,4079
RTSI,0,20161216,101844,1142.540000000,708
RTSI,0,20161216,101845,1142.530000000,375
RTSI,0,20161216,101846,1142.510000000,24163
RTSI,0,20161216,101847,1142.440000000,4420
RTSI,0,20161216,101848,1142.390000000,17287
RTSI,0,20161216,101849,1142.380000000,4059
RTSI,0,20161216,101850,1142.260000000,16167
RTSI,0,20161216,101851,1142.230000000,52783
RTSI,0,20161216,101852,1142.200000000,566
RTSI,0,20161216,101853,1142.190000000,479
RTSI,0,20161216,101854,1142.120000000,28094
RTSI,0,20161216,101855,1142.070000000,27420
RTSI,0,20161216,101856,1142.070000000,25783
RTSI,0,20161216,101857,1142.090000000,0
RTSI,0,20161216,101858,1142.060000000,18384
RTSI,0,20161216,101859,1142.070000000,653
RTSI,0,20161216,101900,1142.100000000,13720
RTSI,0,20161216,101901,1141.990000000,70668
RTSI,0,20161216,101902,1141.960000000,1417
RTSI,0,20161216,101903,1141.980000000,18083
RTSI,0,20161216,101904,1141.970000000,6955
RTSI,0,20161216,101905,1141.960000000,185
RTSI,0,20161216,101906,1141.960000000,429
RTSI,0,20161216,101907,1141.890000000,30545
RTSI,0,20161216,101908,1141.700000000,15413
RTSI,0,20161216,101909,1141.670000000,7808
RTSI,0,20161216,101910,1141.720000000,58498
RTSI,0,20161216,101911,1141.760000000,56329
RTSI,0,20161216,101912,1141.780000000,8893
RTSI,0,20161216,101913,1141.640000000,31845
RTSI,0,20161216,101914,1141.710000000,6905
RTSI,0,20161216,101915,1141.730000000,3551
RTSI,0,20161216,101916,1141.720000000,4704
RTSI,0,20161216,101917,1141.640000000,44839
RTSI,0,20161216,101918,1141.620000000,25433
RTSI,0,20161216,101919,1141.570000000,5353
RTSI,0,20161216,101920,1141.560000000,29738
RTSI,0,20161216,101921,1141.570000000,3181
RTSI,0,20161216,101922,1141.580000000,13640
RTSI,0,20161216,101923,1141.590000000,1246
RTSI,0,20161216,101924,1141.560000000,326
RTSI,0,20161216,101925,1141.490000000,40822
RTSI,0,20161216,101926,1141.510000000,12869
RTSI,0,20161216,101927,1141.500000000,1263
RTSI,0,20161216,101928,1141.380000000,370287
RTSI,0,20161216,101929,1141.390000000,10271
RTSI,0,20161216,101930,1141.420000000,8431
RTSI,0,20161216,101931,1141.470000000,39561
RTSI,0,20161216,101932,1141.490000000,6012
RTSI,0,20161216,101933,1141.490000000,526
RTSI,0,20161216,101934,1141.500000000,6771
RTSI,0,20161216,101935,1141.480000000,8708
RTSI,0,20161216,101936,1141.470000000,9484
RTSI,0,20161216,101937,1141.500000000,2416
RTSI,0,20161216,101938,1141.540000000,2142
RTSI,0,20161216,101939,1141.500000000,1606
RTSI,0,20161216,101940,1141.590000000,7139
RTSI,0,20161216,101941,1141.600000000,496
RTSI,0,20161216,101942,1141.580000000,11852
RTSI,0,20161216,101943,1141.580000000,2198
RTSI,0,20161216,101944,1141.550000000,10274
RTSI,0,20161216,101945,1141.550000000,3712
RTSI,0,20161216,101946,1141.530000000,9133
RTSI,0,20161216,101947,1141.460000000,23139
RTSI,0,20161216,101948,1141.480000000,26839
RTSI,0,20161216,101949,1141.470000000,10760
RTSI,0,20161216,101950,1141.410000000,22163
RTSI,0,20161216,101951,1141.460000000,3410
RTSI,0,20161216,101952,1141.480000000,1542
RTSI,0,20161216,101953,1141.390000000,10665
RTSI,0,20161216,101954,1141.320000000,38777
RTSI,0,20161216,101955,1141.250000000,58349
RTSI,0,20161216,101956,1141.360000000,9270
RTSI,0,20161216,101957,1141.360000000,610
RTSI,0,20161216,101958,1141.350000000,1990
RTSI,0,20161216,101959,1141.360000000,5496
RTSI,0,20161216,102000,1141.330000000,86495
RTSI,0,20161216,102001,1141.380000000,2689
RTSI,0,20161216,102002,1141.380000000,1089
RTSI,0,20161216,102003,1141.300000000,3321
RTSI,0,20161216,102004,1141.110000000,140366
RTSI,0,20161216,102005,1141.120000000,23344
RTSI,0,20161216,102006,1141.080000000,29103
RTSI,0,20161216,102007,1141.130000000,95474
RTSI,0,20161216,102008,1140.980000000,152753
RTSI,0,20161216,102009,1140.980000000,998
RTSI,0,20161216,102010,1141.080000000,25522
RTSI,0,20161216,102011,1141.030000000,8034
RTSI,0,20161216,102012,1141.090000000,77975
RTSI,0,20161216,102013,1141.090000000,19239
RTSI,0,20161216,102014,1141.120000000,8632
RTSI,0,20161216,102015,1141.200000000,4542
RTSI,0,20161216,102016,1141.160000000,7513
RTSI,0,20161216,102017,1141.110000000,44021
RTSI,0,20161216,102018,1141.040000000,18576
RTSI,0,20161216,102019,1141.040000000,2143
RTSI,0,20161216,102020,1141.010000000,8778
RTSI,0,20161216,102021,1141.020000000,2228
RTSI,0,20161216,102022,1140.940000000,203673
RTSI,0,20161216,102023,1140.850000000,110726
RTSI,0,20161216,102024,1140.840000000,51526
RTSI,0,20161216,102025,1140.870000000,3919
RTSI,0,20161216,102026,1140.880000000,144
RTSI,0,20161216,102027,1140.930000000,7171
RTSI,0,20161216,102028,1140.870000000,8415
RTSI,0,20161216,102029,1140.830000000,16655
RTSI,0,20161216,102030,1140.800000000,40076
RTSI,0,20161216,102031,1140.770000000,6311
RTSI,0,20161216,102032,1141.250000000,112135
RTSI,0,20161216,102033,1141.240000000,20463
RTSI,0,20161216,102034,1141.210000000,18991
RTSI,0,20161216,102035,1141.210000000,2862
RTSI,0,20161216,102036,1141.280000000,35163
RTSI,0,20161216,102037,1141.250000000,0
RTSI,0,20161216,102038,1141.310000000,4183
RTSI,0,20161216,102039,1141.290000000,22735
RTSI,0,20161216,102040,1141.330000000,15693
RTSI,0,20161216,102041,1141.320000000,504
RTSI,0,20161216,102042,1141.310000000,8110
RTSI,0,20161216,102043,1141.320000000,7089
RTSI,0,20161216,102044,1141.420000000,2535
RTSI,0,20161216,102045,1141.430000000,23956
RTSI,0,20161216,102046,1141.430000000,6940
RTSI,0,20161216,102047,1141.370000000,18348
RTSI,0,20161216,102048,1141.350000000,1356
RTSI,0,20161216,102049,1141.330000000,32599
RTSI,0,20161216,102050,1141.330000000,223
RTSI,0,20161216,102051,1141.370000000,169
RTSI,0,20161216,102052,1141.390000000,4152
RTSI,0,20161216,102053,1141.320000000,6182
RTSI,0,20161216,102054,1141.230000000,13556
RTSI,0,20161216,102055,1141.260000000,5705
RTSI,0,20161216,102056,1141.280000000,12796
RTSI,0,20161216,102057,1141.250000000,7740
RTSI,0,20161216,102058,1141.250000000,0
RTSI,0,20161216,102059,1141.340000000,31073
RTSI,0,20161216,102100,1141.340000000,63817
RTSI,0,20161216,102101,1141.290000000,27362
RTSI,0,20161216,102102,1141.350000000,13052
RTSI,0,20161216,102103,1141.320000000,93433
RTSI,0,20161216,102104,1141.480000000,5578
RTSI,0,20161216,102105,1141.340000000,92772
RTSI,0,20161216,102106,1141.280000000,11598
RTSI,0,20161216,102107,1141.310000000,23982
RTSI,0,20161216,102108,1141.270000000,8027
RTSI,0,20161216,102109,1141.260000000,0
RTSI,0,20161216,102110,1141.250000000,29774
RTSI,0,20161216,102111,1141.230000000,100353
RTSI,0,20161216,102112,1141.230000000,4017
RTSI,0,20161216,102113,1141.330000000,185974
RTSI,0,20161216,102114,1141.280000000,1517
RTSI,0,20161216,102115,1141.250000000,150548
RTSI,0,20161216,102116,1141.240000000,412
RTSI,0,20161216,102117,1141.230000000,2269
RTSI,0,20161216,102118,1141.220000000,169
RTSI,0,20161216,102119,1141.240000000,8447
RTSI,0,20161216,102120,1141.220000000,11646
RTSI,0,20161216,102121,1141.220000000,600
RTSI,0,20161216,102122,1141.220000000,9881
RTSI,0,20161216,102123,1141.220000000,2002
RTSI,0,20161216,102124,1141.160000000,424
RTSI,0,20161216,102125,1141.120000000,21120
RTSI,0,20161216,102126,1141.110000000,187
RTSI,0,20161216,102127,1141.160000000,18268
RTSI,0,20161216,102128,1141.170000000,25192
RTSI,0,20161216,102129,1141.250000000,56730
RTSI,0,20161216,102130,1141.350000000,1414
RTSI,0,20161216,102131,1141.380000000,11311
RTSI,0,20161216,102132,1141.400000000,14186
RTSI,0,20161216,102133,1141.410000000,29935
RTSI,0,20161216,102134,1141.390000000,0
RTSI,0,20161216,102135,1141.480000000,10056
RTSI,0,20161216,102136,1141.340000000,34391
RTSI,0,20161216,102137,1141.350000000,154
RTSI,0,20161216,102138,1141.410000000,153723
RTSI,0,20161216,102139,1141.380000000,15662
RTSI,0,20161216,102140,1141.410000000,5575
RTSI,0,20161216,102141,1141.400000000,8616
RTSI,0,20161216,102142,1141.400000000,12709
RTSI,0,20161216,102143,1141.420000000,9054
RTSI,0,20161216,102144,1141.360000000,7619
RTSI,0,20161216,102145,1141.360000000,8364
RTSI,0,20161216,102146,1141.370000000,19351
RTSI,0,20161216,102147,1141.340000000,110323
RTSI,0,20161216,102148,1141.310000000,5860
RTSI,0,20161216,102149,1141.250000000,3608
RTSI,0,20161216,102150,1141.250000000,5700
RTSI,0,20161216,102151,1141.250000000,48971
RTSI,0,20161216,102152,1141.250000000,1698
RTSI,0,20161216,102153,1141.230000000,5176
RTSI,0,20161216,102154,1141.190000000,2876
RTSI,0,20161216,102155,1141.190000000,5134
RTSI,0,20161216,102156,1141.240000000,7146
RTSI,0,20161216,102157,1141.320000000,5480
RTSI,0,20161216,102158,1141.470000000,208725
RTSI,0,20161216,102159,1141.540000000,9474
RTSI,0,20161216,102200,1141.630000000,32388
RTSI,0,20161216,102201,1141.590000000,5423
RTSI,0,20161216,102202,1141.670000000,99311
RTSI,0,20161216,102203,1141.570000000,179540
RTSI,0,20161216,102204,1141.650000000,28050
RTSI,0,20161216,102205,1141.670000000,2618
RTSI,0,20161216,102206,1141.710000000,15040
RTSI,0,20161216,102207,1141.740000000,1258
RTSI,0,20161216,102208,1141.730000000,16869
RTSI,0,20161216,102209,1141.670000000,76
RTSI,0,20161216,102210,1141.660000000,2857
RTSI,0,20161216,102211,1141.660000000,11757
RTSI,0,20161216,102212,1141.640000000,5390
RTSI,0,20161216,102213,1141.710000000,16091
RTSI,0,20161216,102214,1141.690000000,563
RTSI,0,20161216,102215,1141.670000000,71309
RTSI,0,20161216,102216,1141.470000000,27410
RTSI,0,20161216,102217,1141.460000000,789
RTSI,0,20161216,102218,1141.530000000,3275
RTSI,0,20161216,102219,1141.500000000,7890
RTSI,0,20161216,102220,1141.510000000,190
RTSI,0,20161216,102221,1141.500000000,8541
RTSI,0,20161216,102222,1141.470000000,2742
RTSI,0,20161216,102223,1141.450000000,4599
RTSI,0,20161216,102224,1141.430000000,2853
RTSI,0,20161216,102225,1141.460000000,100192
RTSI,0,20161216,102226,1141.520000000,30599
RTSI,0,20161216,102227,1141.670000000,80952
RTSI,0,20161216,102228,1141.690000000,20405
RTSI,0,20161216,102229,1141.970000000,98547
RTSI,0,20161216,102230,1141.960000000,3558
RTSI,0,20161216,102231,1141.870000000,15985
RTSI,0,20161216,102232,1141.860000000,3149
RTSI,0,20161216,102233,1141.780000000,18193
RTSI,0,20161216,102234,1141.770000000,43348
RTSI,0,20161216,102235,1141.680000000,6350
RTSI,0,20161216,102236,1141.680000000,12759
RTSI,0,20161216,102237,1141.740000000,74805
RTSI,0,20161216,102238,1141.740000000,563
RTSI,0,20161216,102239,1141.690000000,1797
RTSI,0,20161216,102240,1141.510000000,144011
RTSI,0,20161216,102241,1141.500000000,217
RTSI,0,20161216,102242,1141.500000000,891
RTSI,0,20161216,102243,1141.580000000,1624
RTSI,0,20161216,102244,1141.550000000,70
RTSI,0,20161216,102245,1141.550000000,634
RTSI,0,20161216,102246,1141.550000000,779
RTSI,0,20161216,102247,1141.500000000,15858
RTSI,0,20161216,102248,1141.470000000,13
RTSI,0,20161216,102249,1141.470000000,12590
RTSI,0,20161216,102250,1141.470000000,3688
RTSI,0,20161216,102251,1141.430000000,8167
RTSI,0,20161216,102253,1141.400000000,5261
RTSI,0,20161216,102254,1141.450000000,639
RTSI,0,20161216,102255,1141.690000000,93348
RTSI,0,20161216,102256,1141.640000000,10015
RTSI,0,20161216,102257,1141.510000000,138597
RTSI,0,20161216,102258,1141.560000000,19985
RTSI,0,20161216,102259,1141.570000000,15651
RTSI,0,20161216,102300,1141.500000000,4501
RTSI,0,20161216,102301,1141.490000000,1915
RTSI,0,20161216,102302,1141.480000000,4282
RTSI,0,20161216,102303,1141.490000000,14536
RTSI,0,20161216,102304,1141.490000000,0
RTSI,0,20161216,102305,1141.480000000,296
RTSI,0,20161216,102306,1141.440000000,893
RTSI,0,20161216,102307,1141.420000000,31201
RTSI,0,20161216,102309,1141.540000000,2682
RTSI,0,20161216,102310,1141.490000000,52115
RTSI,0,20161216,102311,1141.510000000,2105
RTSI,0,20161216,102312,1141.520000000,5791
RTSI,0,20161216,102313,1141.520000000,5484
RTSI,0,20161216,102314,1141.550000000,21625
RTSI,0,20161216,102315,1141.520000000,12225
RTSI,0,20161216,102316,1141.530000000,9740
RTSI,0,20161216,102317,1141.560000000,6034
RTSI,0,20161216,102318,1141.550000000,960
RTSI,0,20161216,102319,1141.550000000,580
RTSI,0,20161216,102320,1141.590000000,1932
RTSI,0,20161216,102321,1141.620000000,3236
RTSI,0,20161216,102322,1141.600000000,529
RTSI,0,20161216,102323,1141.640000000,42157
RTSI,0,20161216,102324,1141.650000000,2195
RTSI,0,20161216,102325,1141.660000000,777
RTSI,0,20161216,102326,1141.620000000,2745
RTSI,0,20161216,102327,1141.540000000,1003
RTSI,0,20161216,102328,1141.520000000,6740
RTSI,0,20161216,102329,1141.530000000,1567
RTSI,0,20161216,102330,1141.520000000,35722
RTSI,0,20161216,102331,1141.520000000,3436
RTSI,0,20161216,102332,1141.520000000,68
RTSI,0,20161216,102333,1141.500000000,22591
RTSI,0,20161216,102334,1141.490000000,0
RTSI,0,20161216,102335,1141.470000000,17099
RTSI,0,20161216,102336,1141.450000000,10581
RTSI,0,20161216,102337,1141.440000000,7777
RTSI,0,20161216,102338,1141.410000000,3370
RTSI,0,20161216,102339,1141.410000000,20138
RTSI,0,20161216,102340,1141.400000000,0
RTSI,0,20161216,102341,1141.380000000,3136
RTSI,0,20161216,102342,1141.680000000,33216
RTSI,0,20161216,102343,1141.600000000,6802
RTSI,0,20161216,102344,1141.580000000,1795
RTSI,0,20161216,102345,1141.560000000,230
RTSI,0,20161216,102346,1141.550000000,6002
RTSI,0,20161216,102347,1141.530000000,495
RTSI,0,20161216,102348,1141.510000000,11799
RTSI,0,20161216,102349,1141.450000000,24452
RTSI,0,20161216,102350,1141.410000000,4074
RTSI,0,20161216,102351,1141.410000000,2198
RTSI,0,20161216,102352,1141.420000000,11275
RTSI,0,20161216,102353,1141.410000000,11054
RTSI,0,20161216,102354,1141.430000000,1100
RTSI,0,20161216,102355,1141.500000000,110809
RTSI,0,20161216,102356,1141.500000000,25211
RTSI,0,20161216,102357,1141.520000000,8589
RTSI,0,20161216,102358,1141.480000000,14571
RTSI,0,20161216,102359,1141.460000000,13534
RTSI,0,20161216,102400,1141.430000000,8486
RTSI,0,20161216,102401,1141.440000000,19322
RTSI,0,20161216,102402,1141.460000000,5416
RTSI,0,20161216,102403,1141.460000000,8615
RTSI,0,20161216,102404,1141.450000000,6273
RTSI,0,20161216,102405,1141.470000000,9948
RTSI,0,20161216,102406,1141.470000000,68
RTSI,0,20161216,102407,1141.450000000,2195
RTSI,0,20161216,102408,1141.490000000,1230
RTSI,0,20161216,102409,1141.430000000,26427
RTSI,0,20161216,102410,1141.430000000,2914
RTSI,0,20161216,102411,1141.500000000,14331
RTSI,0,20161216,102412,1141.500000000,188
RTSI,0,20161216,102413,1141.510000000,528
RTSI,0,20161216,102414,1141.500000000,765
RTSI,0,20161216,102415,1141.420000000,17187
RTSI,0,20161216,102416,1141.420000000,2019
RTSI,0,20161216,102417,1141.540000000,3314
RTSI,0,20161216,102418,1141.470000000,19737
RTSI,0,20161216,102419,1141.570000000,13268
RTSI,0,20161216,102420,1141.500000000,10471
RTSI,0,20161216,102421,1141.540000000,12530
RTSI,0,20161216,102422,1141.570000000,7256
RTSI,0,20161216,102423,1141.550000000,2491
RTSI,0,20161216,102424,1141.550000000,581
RTSI,0,20161216,102425,1141.570000000,8833
RTSI,0,20161216,102426,1141.790000000,12019
RTSI,0,20161216,102427,1141.800000000,14600
RTSI,0,20161216,102428,1141.690000000,3175
RTSI,0,20161216,102429,1141.680000000,6091
RTSI,0,20161216,102430,1141.650000000,8277
RTSI,0,20161216,102431,1141.690000000,1253
RTSI,0,20161216,102432,1141.700000000,106230
RTSI,0,20161216,102433,1141.690000000,1912
RTSI,0,20161216,102434,1141.690000000,18976
RTSI,0,20161216,102435,1141.690000000,1018
RTSI,0,20161216,102436,1141.710000000,8343
RTSI,0,20161216,102437,1141.710000000,2261
RTSI,0,20161216,102438,1141.720000000,1386
RTSI,0,20161216,102439,1141.720000000,2630
RTSI,0,20161216,102440,1141.730000000,1732
RTSI,0,20161216,102441,1141.760000000,5538
RTSI,0,20161216,102442,1141.760000000,508
RTSI,0,20161216,102443,1141.790000000,4661
RTSI,0,20161216,102444,1141.850000000,11178
RTSI,0,20161216,102445,1141.870000000,11386
RTSI,0,20161216,102446,1141.850000000,10015
RTSI,0,20161216,102447,1141.850000000,2383
RTSI,0,20161216,102448,1141.920000000,16781
RTSI,0,20161216,102449,1141.980000000,7169
RTSI,0,20161216,102450,1141.970000000,9960
RTSI,0,20161216,102451,1141.890000000,15193
RTSI,0,20161216,102452,1142.010000000,4462
RTSI,0,20161216,102453,1141.940000000,10024
RTSI,0,20161216,102454,1141.990000000,44702
RTSI,0,20161216,102455,1141.990000000,6944
RTSI,0,20161216,102456,1141.980000000,23099
RTSI,0,20161216,102457,1141.990000000,5067
RTSI,0,20161216,102458,1141.990000000,21794
RTSI,0,20161216,102459,1141.990000000,4116
RTSI,0,20161216,102500,1142.120000000,22734
RTSI,0,20161216,102501,1142.090000000,23165
RTSI,0,20161216,102502,1142.010000000,95130
RTSI,0,20161216,102503,1142.030000000,7620
RTSI,0,20161216,102504,1142.040000000,9862
RTSI,0,20161216,102505,1142.010000000,4952
RTSI,0,20161216,102506,1142.000000000,652
RTSI,0,20161216,102507,1142.000000000,835
RTSI,0,20161216,102508,1142.010000000,2363
RTSI,0,20161216,102509,1141.980000000,13387
RTSI,0,20161216,102510,1142.040000000,5642
RTSI,0,20161216,102511,1141.960000000,47814
RTSI,0,20161216,102512,1141.960000000,5121
RTSI,0,20161216,102513,1141.970000000,2524
RTSI,0,20161216,102514,1141.970000000,2656
RTSI,0,20161216,102515,1141.970000000,2916
RTSI,0,20161216,102516,1141.910000000,4672
RTSI,0,20161216,102517,1141.920000000,5158
RTSI,0,20161216,102518,1141.970000000,18215
RTSI,0,20161216,102519,1141.980000000,203
RTSI,0,20161216,102520,1141.940000000,7509
RTSI,0,20161216,102521,1141.940000000,1555
RTSI,0,20161216,102522,1141.880000000,10746
RTSI,0,20161216,102523,1141.940000000,7424
RTSI,0,20161216,102524,1141.980000000,5769
RTSI,0,20161216,102525,1141.920000000,52021
RTSI,0,20161216,102526,1141.920000000,3398
RTSI,0,20161216,102527,1141.930000000,207
RTSI,0,20161216,102528,1141.940000000,5586
RTSI,0,20161216,102529,1141.940000000,157
RTSI,0,20161216,102530,1141.950000000,2296
RTSI,0,20161216,102531,1141.960000000,436
RTSI,0,20161216,102532,1141.940000000,4837
RTSI,0,20161216,102533,1141.940000000,296
RTSI,0,20161216,102534,1141.890000000,2974
RTSI,0,20161216,102535,1141.940000000,36623
RTSI,0,20161216,102536,1141.960000000,6300
RTSI,0,20161216,102537,1141.900000000,622
RTSI,0,20161216,102538,1141.910000000,114663
RTSI,0,20161216,102539,1141.920000000,16421
RTSI,0,20161216,102540,1141.920000000,256
RTSI,0,20161216,102541,1141.940000000,1054
RTSI,0,20161216,102542,1141.960000000,2734
RTSI,0,20161216,102543,1141.960000000,1140
RTSI,0,20161216,102544,1141.950000000,10185
RTSI,0,20161216,102545,1141.930000000,276
RTSI,0,20161216,102546,1141.930000000,2229
RTSI,0,20161216,102547,1141.910000000,7166
RTSI,0,20161216,102548,1141.910000000,804
RTSI,0,20161216,102549,1141.910000000,429
RTSI,0,20161216,102550,1141.970000000,2509
RTSI,0,20161216,102551,1141.970000000,769
RTSI,0,20161216,102552,1141.980000000,2522
RTSI,0,20161216,102553,1141.940000000,26420
RTSI,0,20161216,102554,1141.930000000,1720
RTSI,0,20161216,102555,1141.810000000,25543
RTSI,0,20161216,102556,1141.800000000,742
RTSI,0,20161216,102557,1141.820000000,3004
RTSI,0,20161216,102558,1141.810000000,6479
RTSI,0,20161216,102559,1141.810000000,0
RTSI,0,20161216,102600,1141.800000000,3999
RTSI,0,20161216,102601,1141.800000000,12115
RTSI,0,20161216,102602,1141.820000000,2039
RTSI,0,20161216,102603,1141.840000000,16140
RTSI,0,20161216,102604,1141.840000000,6458
RTSI,0,20161216,102605,1141.850000000,6089
RTSI,0,20161216,102606,1141.850000000,11759
RTSI,0,20161216,102607,1141.860000000,5164
RTSI,0,20161216,102608,1141.830000000,32912
RTSI,0,20161216,102609,1141.980000000,140848
RTSI,0,20161216,102610,1142.010000000,899
RTSI,0,20161216,102611,1142.010000000,13269
RTSI,0,20161216,102612,1142.010000000,9812
RTSI,0,20161216,102613,1142.100000000,1189
RTSI,0,20161216,102614,1142.080000000,28613
RTSI,0,20161216,102615,1142.070000000,30092
RTSI,0,20161216,102616,1142.030000000,5925
RTSI,0,20161216,102617,1142.050000000,11270
RTSI,0,20161216,102618,1142.110000000,4845
RTSI,0,20161216,102619,1142.110000000,2599
RTSI,0,20161216,102620,1142.120000000,29956
RTSI,0,20161216,102621,1142.140000000,2321
RTSI,0,20161216,102622,1142.190000000,48345
RTSI,0,20161216,102623,1142.230000000,602
RTSI,0,20161216,102624,1142.240000000,23063
RTSI,0,20161216,102625,1142.260000000,3915
RTSI,0,20161216,102626,1142.270000000,3886
RTSI,0,20161216,102627,1142.510000000,55442
RTSI,0,20161216,102628,1142.570000000,109788
RTSI,0,20161216,102629,1142.620000000,5792
RTSI,0,20161216,102630,1142.630000000,6078
RTSI,0,20161216,102631,1142.630000000,3866
RTSI,0,20161216,102632,1142.590000000,14387
RTSI,0,20161216,102633,1142.510000000,1893
RTSI,0,20161216,102634,1142.560000000,11898
RTSI,0,20161216,102635,1142.600000000,1084
RTSI,0,20161216,102636,1142.640000000,302767
RTSI,0,20161216,102637,1142.760000000,35483
RTSI,0,20161216,102638,1142.730000000,4309
RTSI,0,20161216,102639,1142.640000000,5407
RTSI,0,20161216,102640,1142.660000000,3971
RTSI,0,20161216,102641,1142.670000000,1932
RTSI,0,20161216,102642,1142.650000000,1515
RTSI,0,20161216,102643,1142.670000000,3690
RTSI,0,20161216,102644,1142.710000000,13114
RTSI,0,20161216,102645,1142.720000000,6236
RTSI,0,20161216,102646,1142.650000000,8129
RTSI,0,20161216,102647,1142.640000000,1927
RTSI,0,20161216,102648,1142.630000000,747
RTSI,0,20161216,102649,1142.650000000,1091
RTSI,0,20161216,102650,1142.630000000,6713
RTSI,0,20161216,102651,1142.660000000,3961
RTSI,0,20161216,102652,1142.700000000,4395
RTSI,0,20161216,102653,1142.710000000,18499
RTSI,0,20161216,102654,1142.710000000,3238
RTSI,0,20161216,102655,1142.750000000,3159
RTSI,0,20161216,102656,1142.760000000,12188
RTSI,0,20161216,102657,1142.760000000,803
RTSI,0,20161216,102658,1142.740000000,8665
RTSI,0,20161216,102659,1142.760000000,8114
RTSI,0,20161216,102700,1142.800000000,28698
RTSI,0,20161216,102701,1142.850000000,20837
RTSI,0,20161216,102702,1142.910000000,2376
RTSI,0,20161216,102703,1142.950000000,81659
RTSI,0,20161216,102704,1142.840000000,13449
RTSI,0,20161216,102705,1142.830000000,6148
RTSI,0,20161216,102706,1142.870000000,6596
RTSI,0,20161216,102707,1142.890000000,2871
RTSI,0,20161216,102708,1142.910000000,25058
RTSI,0,20161216,102709,1142.940000000,2349
RTSI,0,20161216,102711,1143.260000000,57516
RTSI,0,20161216,102712,1143.290000000,6166
RTSI,0,20161216,102713,1143.320000000,5412
RTSI,0,20161216,102714,1143.310000000,51965
RTSI,0,20161216,102715,1143.330000000,619
RTSI,0,20161216,102716,1143.350000000,5588
RTSI,0,20161216,102717,1143.290000000,9748
RTSI,0,20161216,102718,1143.280000000,6180
RTSI,0,20161216,102719,1143.290000000,10273
RTSI,0,20161216,102720,1143.310000000,52269
RTSI,0,20161216,102721,1143.330000000,12074
RTSI,0,20161216,102722,1143.320000000,1492
RTSI,0,20161216,102723,1143.340000000,11206
RTSI,0,20161216,102724,1143.320000000,34714
RTSI,0,20161216,102725,1143.360000000,5055
RTSI,0,20161216,102726,1143.350000000,2622
RTSI,0,20161216,102727,1143.340000000,4786
RTSI,0,20161216,102728,1143.350000000,19279
RTSI,0,20161216,102729,1143.350000000,470
RTSI,0,20161216,102730,1143.410000000,14136
RTSI,0,20161216,102731,1143.330000000,3250
RTSI,0,20161216,102733,1143.340000000,4347
RTSI,0,20161216,102734,1143.370000000,5592
RTSI,0,20161216,102735,1143.380000000,5400
RTSI,0,20161216,102737,1143.350000000,7110
RTSI,0,20161216,102738,1143.410000000,15307
RTSI,0,20161216,102739,1143.420000000,145
RTSI,0,20161216,102740,1143.440000000,3682
RTSI,0,20161216,102741,1143.440000000,3055
RTSI,0,20161216,102742,1143.420000000,10530
RTSI,0,20161216,102743,1143.440000000,4856
RTSI,0,20161216,102744,1143.470000000,10693
RTSI,0,20161216,102745,1143.470000000,1001
RTSI,0,20161216,102746,1143.480000000,5102
RTSI,0,20161216,102747,1143.490000000,24723
RTSI,0,20161216,102748,1143.480000000,667
RTSI,0,20161216,102749,1143.480000000,73
RTSI,0,20161216,102750,1143.480000000,10219
RTSI,0,20161216,102751,1143.480000000,1809
RTSI,0,20161216,102752,1143.480000000,183
RTSI,0,20161216,102753,1143.480000000,10629
RTSI,0,20161216,102754,1143.480000000,69047
RTSI,0,20161216,102755,1143.460000000,12707
RTSI,0,20161216,102756,1143.480000000,731
RTSI,0,20161216,102757,1143.440000000,111743
RTSI,0,20161216,102758,1143.470000000,35070
RTSI,0,20161216,102759,1143.410000000,8019
RTSI,0,20161216,102800,1143.420000000,6828
RTSI,0,20161216,102801,1143.430000000,24402
RTSI,0,20161216,102802,1143.460000000,9258
RTSI,0,20161216,102803,1143.450000000,5902
RTSI,0,20161216,102804,1143.400000000,8446
RTSI,0,20161216,102805,1143.430000000,14002
RTSI,0,20161216,102806,1143.450000000,33616
RTSI,0,20161216,102807,1143.480000000,3485
RTSI,0,20161216,102808,1143.510000000,2938
RTSI,0,20161216,102809,1143.500000000,6233
RTSI,0,20161216,102810,1143.460000000,19910
RTSI,0,20161216,102811,1143.490000000,12181
RTSI,0,20161216,102812,1143.520000000,11510
RTSI,0,20161216,102813,1143.530000000,5105
RTSI,0,20161216,102814,1143.540000000,24480
RTSI,0,20161216,102815,1143.530000000,19048
RTSI,0,20161216,102816,1143.490000000,11598
RTSI,0,20161216,102817,1143.490000000,67
RTSI,0,20161216,102818,1143.480000000,9667
RTSI,0,20161216,102819,1143.470000000,11255
RTSI,0,20161216,102820,1143.410000000,2431
RTSI,0,20161216,102821,1143.400000000,832
RTSI,0,20161216,102822,1143.400000000,4252
RTSI,0,20161216,102823,1143.390000000,6332
RTSI,0,20161216,102825,1143.400000000,20731
RTSI,0,20161216,102826,1143.380000000,7438
RTSI,0,20161216,102827,1143.270000000,44403
RTSI,0,20161216,102828,1143.190000000,8738
RTSI,0,20161216,102829,1143.210000000,4354
RTSI,0,20161216,102830,1143.200000000,34140
RTSI,0,20161216,102831,1143.210000000,2570
RTSI,0,20161216,102832,1143.180000000,19600
RTSI,0,20161216,102833,1143.190000000,1565
RTSI,0,20161216,102834,1143.190000000,5907
RTSI,0,20161216,102835,1143.190000000,1824
RTSI,0,20161216,102837,1143.230000000,18187
RTSI,0,20161216,102838,1143.290000000,51227
RTSI,0,20161216,102839,1143.250000000,31787
RTSI,0,20161216,102840,1143.290000000,3293
RTSI,0,20161216,102841,1143.310000000,26678
RTSI,0,20161216,102842,1143.290000000,1127
RTSI,0,20161216,102843,1143.290000000,19341
RTSI,0,20161216,102844,1143.190000000,22001
RTSI,0,20161216,102845,1143.200000000,5929
RTSI,0,20161216,102846,1143.130000000,23567
RTSI,0,20161216,102847,1143.120000000,11984
RTSI,0,20161216,102848,1143.180000000,5276
RTSI,0,20161216,102849,1143.140000000,17714
RTSI,0,20161216,102850,1143.160000000,4453
RTSI,0,20161216,102851,1143.140000000,2507
RTSI,0,20161216,102852,1143.050000000,31253
RTSI,0,20161216,102853,1143.020000000,342
RTSI,0,20161216,102854,1143.030000000,4142
RTSI,0,20161216,102855,1143.030000000,2532
RTSI,0,20161216,102856,1143.010000000,0
RTSI,0,20161216,102857,1142.920000000,26083
RTSI,0,20161216,102858,1142.920000000,3429
RTSI,0,20161216,102859,1142.830000000,22598
RTSI,0,20161216,102900,1142.740000000,38006
RTSI,0,20161216,102901,1142.830000000,7332
RTSI,0,20161216,102902,1142.830000000,6976
RTSI,0,20161216,102903,1142.840000000,3590
RTSI,0,20161216,102904,1142.850000000,7310
RTSI,0,20161216,102905,1142.840000000,149
RTSI,0,20161216,102906,1142.820000000,14262
RTSI,0,20161216,102907,1142.830000000,31994
RTSI,0,20161216,102908,1142.810000000,2057
RTSI,0,20161216,102909,1142.820000000,1289
RTSI,0,20161216,102910,1142.790000000,1706
RTSI,0,20161216,102911,1142.770000000,3048
RTSI,0,20161216,102912,1142.750000000,151
RTSI,0,20161216,102913,1142.770000000,37554
RTSI,0,20161216,102914,1142.870000000,16125
RTSI,0,20161216,102915,1142.920000000,17563
RTSI,0,20161216,102916,1142.920000000,8007
RTSI,0,20161216,102917,1142.890000000,10375
RTSI,0,20161216,102918,1142.900000000,1762
RTSI,0,20161216,102919,1142.870000000,10576
RTSI,0,20161216,102920,1142.860000000,4539
RTSI,0,20161216,102921,1142.780000000,4381
RTSI,0,20161216,102922,1142.800000000,50231
RTSI,0,20161216,102923,1142.850000000,993
RTSI,0,20161216,102924,1142.830000000,2297
RTSI,0,20161216,102925,1142.830000000,10623
RTSI,0,20161216,102926,1142.830000000,18972
RTSI,0,20161216,102927,1142.830000000,3898
RTSI,0,20161216,102928,1142.860000000,1589
RTSI,0,20161216,102929,1142.800000000,2256
RTSI,0,20161216,102930,1142.790000000,1474
RTSI,0,20161216,102931,1142.760000000,1204
RTSI,0,20161216,102932,1142.750000000,7896
RTSI,0,20161216,102933,1142.770000000,42
RTSI,0,20161216,102934,1142.760000000,5076
RTSI,0,20161216,102935,1142.770000000,658
RTSI,0,20161216,102936,1142.760000000,4473
RTSI,0,20161216,102937,1142.760000000,8657
RTSI,0,20161216,102938,1142.770000000,26165
RTSI,0,20161216,102939,1142.760000000,14401
RTSI,0,20161216,102940,1142.770000000,4981
RTSI,0,20161216,102941,1142.770000000,4420
RTSI,0,20161216,102942,1142.750000000,550
RTSI,0,20161216,102943,1142.750000000,1053
RTSI,0,20161216,102944,1142.750000000,1683
RTSI,0,20161216,102945,1142.670000000,16944
RTSI,0,20161216,102946,1142.650000000,3056
RTSI,0,20161216,102947,1142.650000000,10552
RTSI,0,20161216,102948,1142.680000000,22020
RTSI,0,20161216,102949,1142.670000000,1016
RTSI,0,20161216,102950,1142.740000000,1358
RTSI,0,20161216,102951,1142.650000000,1509
RTSI,0,20161216,102952,1142.600000000,21096
RTSI,0,20161216,102953,1142.600000000,10262
RTSI,0,20161216,102954,1142.540000000,17389
RTSI,0,20161216,102955,1142.520000000,30840
RTSI,0,20161216,102956,1142.460000000,2475
RTSI,0,20161216,102957,1142.470000000,1314
RTSI,0,20161216,102958,1142.470000000,27829
RTSI,0,20161216,102959,1142.490000000,29990
RTSI,0,20161216,103000,1142.500000000,11123
RTSI,0,20161216,103001,1142.520000000,31069
RTSI,0,20161216,103002,1142.500000000,10738
RTSI,0,20161216,103003,1142.560000000,3436
RTSI,0,20161216,103004,1142.670000000,49844
RTSI,0,20161216,103005,1143.010000000,50987
RTSI,0,20161216,103006,1143.010000000,14686
RTSI,0,20161216,103007,1143.030000000,10195
RTSI,0,20161216,103008,1143.030000000,26780
RTSI,0,20161216,103009,1142.880000000,11286
RTSI,0,20161216,103010,1142.870000000,2219
RTSI,0,20161216,103011,1142.800000000,18694
RTSI,0,20161216,103012,1142.800000000,1361
RTSI,0,20161216,103013,1142.830000000,2111
RTSI,0,20161216,103014,1142.840000000,33356
RTSI,0,20161216,103015,1142.840000000,1455
RTSI,0,20161216,103016,1142.840000000,950
RTSI,0,20161216,103017,1142.850000000,7157
RTSI,0,20161216,103018,1142.850000000,1243
RTSI,0,20161216,103019,1142.780000000,10317
RTSI,0,20161216,103020,1142.850000000,2455
RTSI,0,20161216,103021,1142.880000000,5555
RTSI,0,20161216,103022,1142.880000000,564
RTSI,0,20161216,103023,1142.880000000,0
RTSI,0,20161216,103024,1142.900000000,25632
RTSI,0,20161216,103025,1142.950000000,5363
RTSI,0,20161216,103026,1142.920000000,4971
RTSI,0,20161216,103027,1142.910000000,3851
RTSI,0,20161216,103028,1142.890000000,2022
RTSI,0,20161216,103029,1142.860000000,10710
RTSI,0,20161216,103030,1142.890000000,1496
RTSI,0,20161216,103031,1142.870000000,9775
RTSI,0,20161216,103032,1142.870000000,66
RTSI,0,20161216,103033,1142.830000000,25562
RTSI,0,20161216,103034,1142.920000000,1664
RTSI,0,20161216,103035,1142.920000000,92
RTSI,0,20161216,103036,1143.000000000,31262
RTSI,0,20161216,103037,1143.010000000,1225
RTSI,0,20161216,103038,1142.980000000,6116
RTSI,0,20161216,103039,1142.930000000,1279
RTSI,0,20161216,103040,1142.930000000,6096
RTSI,0,20161216,103041,1142.930000000,5288
RTSI,0,20161216,103042,1142.920000000,6959
RTSI,0,20161216,103043,1142.950000000,675
RTSI,0,20161216,103044,1142.920000000,24310
RTSI,0,20161216,103045,1142.920000000,509
RTSI,0,20161216,103046,1142.920000000,2609
RTSI,0,20161216,103047,1142.900000000,2423
RTSI,0,20161216,103048,1142.890000000,742
RTSI,0,20161216,103049,1142.920000000,17497
RTSI,0,20161216,103050,1142.930000000,2540
RTSI,0,20161216,103051,1142.870000000,208740
RTSI,0,20161216,103052,1142.870000000,4583
RTSI,0,20161216,103053,1142.830000000,35426
RTSI,0,20161216,103054,1142.830000000,12411
RTSI,0,20161216,103055,1142.820000000,886
RTSI,0,20161216,103056,1142.820000000,251
RTSI,0,20161216,103057,1142.830000000,3547
RTSI,0,20161216,103058,1142.840000000,789
RTSI,0,20161216,103059,1142.840000000,1186
RTSI,0,20161216,103100,1142.830000000,3911
RTSI,0,20161216,103101,1142.950000000,9911
RTSI,0,20161216,103102,1142.970000000,60359
RTSI,0,20161216,103103,1142.930000000,2836
RTSI,0,20161216,103104,1142.800000000,7933
RTSI,0,20161216,103105,1142.840000000,7217
RTSI,0,20161216,103106,1142.840000000,952
RTSI,0,20161216,103107,1142.850000000,26296
RTSI,0,20161216,103108,1142.850000000,1152
RTSI,0,20161216,103109,1142.800000000,2835
RTSI,0,20161216,103110,1142.800000000,1202
RTSI,0,20161216,103111,1142.840000000,1510
RTSI,0,20161216,103112,1142.840000000,59
RTSI,0,20161216,103113,1142.860000000,8382
RTSI,0,20161216,103114,1142.790000000,20354
RTSI,0,20161216,103115,1142.780000000,16920
RTSI,0,20161216,103116,1142.780000000,2771
RTSI,0,20161216,103117,1142.900000000,14178
RTSI,0,20161216,103118,1142.890000000,17518
RTSI,0,20161216,103119,1142.860000000,18967
RTSI,0,20161216,103120,1142.880000000,21856
RTSI,0,20161216,103121,1142.870000000,1611
RTSI,0,20161216,103122,1142.870000000,31039
RTSI,0,20161216,103123,1142.860000000,33215
RTSI,0,20161216,103124,1142.900000000,23799
RTSI,0,20161216,103125,1142.900000000,13433
RTSI,0,20161216,103126,1142.900000000,13362
RTSI,0,20161216,103127,1142.890000000,159
RTSI,0,20161216,103128,1142.880000000,1934
RTSI,0,20161216,103129,1142.880000000,379
RTSI,0,20161216,103130,1142.890000000,2239
RTSI,0,20161216,103131,1142.830000000,23891
RTSI,0,20161216,103132,1142.820000000,2622
RTSI,0,20161216,103133,1142.830000000,3806
RTSI,0,20161216,103134,1142.820000000,7335
RTSI,0,20161216,103135,1142.840000000,27670
RTSI,0,20161216,103136,1142.870000000,5031
RTSI,0,20161216,103137,1142.870000000,4197
RTSI,0,20161216,103138,1142.840000000,1627
RTSI,0,20161216,103139,1142.840000000,1954
RTSI,0,20161216,103140,1142.840000000,4022
RTSI,0,20161216,103141,1142.860000000,545
RTSI,0,20161216,103142,1142.860000000,755
RTSI,0,20161216,103143,1142.870000000,4557
RTSI,0,20161216,103144,1142.900000000,50430
RTSI,0,20161216,103145,1142.930000000,13895
RTSI,0,20161216,103146,1142.900000000,2103
RTSI,0,20161216,103147,1142.890000000,512
RTSI,0,20161216,103148,1142.940000000,6358
RTSI,0,20161216,103149,1143.070000000,26540
RTSI,0,20161216,103150,1143.040000000,43683
RTSI,0,20161216,103151,1143.060000000,27616
RTSI,0,20161216,103152,1143.410000000,264820
RTSI,0,20161216,103154,1143.430000000,32316
RTSI,0,20161216,103155,1143.450000000,26643
RTSI,0,20161216,103156,1143.520000000,19738
RTSI,0,20161216,103157,1143.780000000,193488
RTSI,0,20161216,103158,1143.870000000,109886
RTSI,0,20161216,103159,1143.970000000,97447
RTSI,0,20161216,103200,1144.010000000,8410
RTSI,0,20161216,103201,1143.920000000,3878
RTSI,0,20161216,103202,1143.860000000,120092
RTSI,0,20161216,103203,1143.840000000,21687
RTSI,0,20161216,103204,1143.850000000,27143
RTSI,0,20161216,103205,1143.920000000,37560
RTSI,0,20161216,103206,1143.980000000,22851
RTSI,0,20161216,103207,1143.940000000,119357
RTSI,0,20161216,103208,1143.890000000,61406
RTSI,0,20161216,103209,1143.870000000,42164
RTSI,0,20161216,103210,1143.860000000,39227
RTSI,0,20161216,103211,1143.780000000,5663
RTSI,0,20161216,103212,1143.850000000,6048
RTSI,0,20161216,103213,1143.850000000,4854
RTSI,0,20161216,103214,1143.870000000,2902
RTSI,0,20161216,103215,1143.850000000,1265
RTSI,0,20161216,103216,1143.810000000,25739
RTSI,0,20161216,103217,1143.830000000,30647
RTSI,0,20161216,103218,1143.720000000,25286
RTSI,0,20161216,103219,1143.740000000,12263
RTSI,0,20161216,103220,1143.500000000,23947
RTSI,0,20161216,103221,1143.520000000,25738
RTSI,0,20161216,103222,1143.490000000,1526
RTSI,0,20161216,103223,1143.490000000,161
RTSI,0,20161216,103224,1143.670000000,12749
RTSI,0,20161216,103225,1143.670000000,309
RTSI,0,20161216,103226,1143.730000000,29201
RTSI,0,20161216,103227,1143.700000000,9459
RTSI,0,20161216,103228,1143.700000000,5413
RTSI,0,20161216,103229,1143.780000000,10736
RTSI,0,20161216,103230,1143.800000000,27394
RTSI,0,20161216,103231,1143.850000000,5179
RTSI,0,20161216,103232,1143.840000000,3816
RTSI,0,20161216,103233,1143.840000000,15026
RTSI,0,20161216,103234,1143.710000000,3386
RTSI,0,20161216,103235,1143.690000000,77480
RTSI,0,20161216,103236,1143.650000000,4273
RTSI,0,20161216,103237,1143.630000000,8881
RTSI,0,20161216,103238,1143.720000000,7751
RTSI,0,20161216,103239,1143.720000000,22337
RTSI,0,20161216,103240,1143.690000000,31577
RTSI,0,20161216,103241,1143.740000000,15126
RTSI,0,20161216,103242,1143.710000000,2123
RTSI,0,20161216,103243,1143.720000000,3481
RTSI,0,20161216,103244,1143.680000000,5795
RTSI,0,20161216,103245,1143.670000000,7966
RTSI,0,20161216,103246,1143.680000000,6197
RTSI,0,20161216,103247,1143.680000000,790
RTSI,0,20161216,103248,1143.750000000,34504
RTSI,0,20161216,103249,1143.770000000,105
RTSI,0,20161216,103250,1143.760000000,4290
RTSI,0,20161216,103251,1143.920000000,19207
RTSI,0,20161216,103252,1143.920000000,229
RTSI,0,20161216,103253,1143.920000000,3615
RTSI,0,20161216,103254,1143.890000000,1363
RTSI,0,20161216,103255,1143.910000000,4911
RTSI,0,20161216,103256,1143.890000000,7714
RTSI,0,20161216,103257,1143.890000000,680
RTSI,0,20161216,103258,1143.880000000,3522
RTSI,0,20161216,103259,1143.860000000,8477
RTSI,0,20161216,103300,1143.840000000,3883
RTSI,0,20161216,103301,1143.790000000,15088
RTSI,0,20161216,103302,1143.800000000,349
RTSI,0,20161216,103303,1143.740000000,1307
RTSI,0,20161216,103304,1143.800000000,3087
RTSI,0,20161216,103305,1143.760000000,17204
RTSI,0,20161216,103306,1143.760000000,3062
RTSI,0,20161216,103307,1144.080000000,98591
RTSI,0,20161216,103308,1144.020000000,66599
RTSI,0,20161216,103309,1144.170000000,47680
RTSI,0,20161216,103310,1144.090000000,9106
RTSI,0,20161216,103311,1144.210000000,74832
RTSI,0,20161216,103312,1144.250000000,25964
RTSI,0,20161216,103313,1144.180000000,29036
RTSI,0,20161216,103314,1144.270000000,30310
RTSI,0,20161216,103315,1144.270000000,5658
RTSI,0,20161216,103316,1144.350000000,30621
RTSI,0,20161216,103317,1144.290000000,31234
RTSI,0,20161216,103318,1144.410000000,72996
RTSI,0,20161216,103319,1144.440000000,40595
RTSI,0,20161216,103320,1144.490000000,24891
RTSI,0,20161216,103321,1144.430000000,25892
RTSI,0,20161216,103322,1144.480000000,82009
RTSI,0,20161216,103323,1144.550000000,29312
RTSI,0,20161216,103324,1144.500000000,5396
RTSI,0,20161216,103325,1144.520000000,17202
RTSI,0,20161216,103326,1144.520000000,407
RTSI,0,20161216,103327,1144.510000000,1087
RTSI,0,20161216,103328,1144.510000000,49375
RTSI,0,20161216,103329,1144.490000000,7825
RTSI,0,20161216,103330,1144.440000000,4425
RTSI,0,20161216,103331,1144.540000000,22855
RTSI,0,20161216,103332,1144.530000000,3289
RTSI,0,20161216,103333,1144.540000000,515
RTSI,0,20161216,103334,1144.520000000,10141
RTSI,0,20161216,103335,1144.550000000,641
RTSI,0,20161216,103336,1144.580000000,16187
RTSI,0,20161216,103337,1144.560000000,2414
RTSI,0,20161216,103338,1144.540000000,463
RTSI,0,20161216,103339,1144.540000000,289
RTSI,0,20161216,103340,1144.520000000,1119
RTSI,0,20161216,103341,1144.530000000,10154
RTSI,0,20161216,103342,1144.400000000,25234
RTSI,0,20161216,103343,1144.360000000,8461
RTSI,0,20161216,103344,1144.400000000,11372
RTSI,0,20161216,103345,1144.410000000,407
RTSI,0,20161216,103346,1144.410000000,3975
RTSI,0,20161216,103347,1144.550000000,18142
RTSI,0,20161216,103348,1144.560000000,1790
RTSI,0,20161216,103349,1144.540000000,6613
RTSI,0,20161216,103350,1144.560000000,4335
RTSI,0,20161216,103351,1144.470000000,38828
RTSI,0,20161216,103352,1144.450000000,10533
RTSI,0,20161216,103353,1144.360000000,36400
RTSI,0,20161216,103354,1144.380000000,2145
RTSI,0,20161216,103355,1144.390000000,12133
RTSI,0,20161216,103356,1144.420000000,1298
RTSI,0,20161216,103357,1144.420000000,4169
RTSI,0,20161216,103358,1144.430000000,563
RTSI,0,20161216,103359,1144.460000000,5918
RTSI,0,20161216,103400,1144.480000000,781
RTSI,0,20161216,103401,1144.530000000,6710
RTSI,0,20161216,103402,1144.540000000,971
RTSI,0,20161216,103403,1144.540000000,2840
RTSI,0,20161216,103404,1144.560000000,2465
RTSI,0,20161216,103405,1144.570000000,8856
RTSI,0,20161216,103406,1144.510000000,19594
RTSI,0,20161216,103407,1144.550000000,1392
RTSI,0,20161216,103408,1144.580000000,7555
RTSI,0,20161216,103409,1144.590000000,4513
RTSI,0,20161216,103410,1144.630000000,466
RTSI,0,20161216,103411,1144.600000000,7777
RTSI,0,20161216,103412,1144.600000000,483
RTSI,0,20161216,103413,1144.500000000,21496
RTSI,0,20161216,103414,1144.620000000,103914
RTSI,0,20161216,103415,1144.610000000,1278
RTSI,0,20161216,103416,1144.590000000,10752
RTSI,0,20161216,103417,1144.600000000,2947
RTSI,0,20161216,103418,1144.640000000,17758
RTSI,0,20161216,103419,1144.660000000,10811
RTSI,0,20161216,103420,1144.680000000,4041
RTSI,0,20161216,103421,1144.670000000,959
RTSI,0,20161216,103422,1144.550000000,4168
RTSI,0,20161216,103423,1144.580000000,555
RTSI,0,20161216,103424,1144.570000000,1634
RTSI,0,20161216,103425,1144.520000000,4005
RTSI,0,20161216,103426,1144.500000000,34853
RTSI,0,20161216,103427,1144.470000000,14990
RTSI,0,20161216,103428,1144.470000000,226
RTSI,0,20161216,103429,1144.490000000,2405
RTSI,0,20161216,103430,1144.480000000,564
RTSI,0,20161216,103431,1144.490000000,1599
RTSI,0,20161216,103432,1144.500000000,7410
RTSI,0,20161216,103433,1144.530000000,4174
RTSI,0,20161216,103434,1144.530000000,2110
RTSI,0,20161216,103435,1144.510000000,1623
RTSI,0,20161216,103436,1144.280000000,50347
RTSI,0,20161216,103437,1144.340000000,7179
RTSI,0,20161216,103438,1144.340000000,13384
RTSI,0,20161216,103439,1144.340000000,5235
RTSI,0,20161216,103440,1144.320000000,1543
RTSI,0,20161216,103441,1144.380000000,300
RTSI,0,20161216,103442,1144.380000000,4358
RTSI,0,20161216,103443,1144.300000000,27022
RTSI,0,20161216,103444,1144.230000000,1526
RTSI,0,20161216,103445,1144.230000000,368
RTSI,0,20161216,103446,1144.190000000,9060
RTSI,0,20161216,103448,1144.200000000,1712
RTSI,0,20161216,103449,1144.240000000,6355
RTSI,0,20161216,103450,1144.250000000,8570
RTSI,0,20161216,103451,1144.240000000,4233
RTSI,0,20161216,103452,1144.200000000,408141
RTSI,0,20161216,103453,1144.190000000,146178
RTSI,0,20161216,103454,1144.220000000,58401
RTSI,0,20161216,103455,1144.180000000,10331
RTSI,0,20161216,103456,1144.130000000,21908
RTSI,0,20161216,103457,1144.130000000,3235
RTSI,0,20161216,103458,1144.140000000,11428
RTSI,0,20161216,103459,1144.210000000,14909
RTSI,0,20161216,103500,1144.210000000,14147
RTSI,0,20161216,103501,1144.490000000,7711
RTSI,0,20161216,103502,1144.490000000,453
RTSI,0,20161216,103503,1144.470000000,8324
RTSI,0,20161216,103504,1144.440000000,2774
RTSI,0,20161216,103505,1144.370000000,16140
RTSI,0,20161216,103506,1144.390000000,2300
RTSI,0,20161216,103507,1144.440000000,85810
RTSI,0,20161216,103508,1144.420000000,16990
RTSI,0,20161216,103509,1144.490000000,31781
RTSI,0,20161216,103510,1144.510000000,19479
RTSI,0,20161216,103511,1144.450000000,57307
RTSI,0,20161216,103512,1144.450000000,16244
RTSI,0,20161216,103513,1144.450000000,32105
RTSI,0,20161216,103514,1144.460000000,11765
RTSI,0,20161216,103515,1144.460000000,2488
RTSI,0,20161216,103516,1144.480000000,3234
RTSI,0,20161216,103517,1144.480000000,955
RTSI,0,20161216,103518,1144.490000000,27643
RTSI,0,20161216,103519,1144.490000000,707
RTSI,0,20161216,103520,1144.510000000,13516
RTSI,0,20161216,103521,1144.440000000,4980
RTSI,0,20161216,103522,1144.440000000,6428
RTSI,0,20161216,103523,1144.450000000,14446
RTSI,0,20161216,103524,1144.410000000,26566
RTSI,0,20161216,103525,1144.160000000,32149
RTSI,0,20161216,103526,1144.130000000,5240
RTSI,0,20161216,103527,1144.110000000,11326
RTSI,0,20161216,103528,1144.200000000,69842
RTSI,0,20161216,103529,1144.220000000,1829
RTSI,0,20161216,103530,1144.260000000,3085
RTSI,0,20161216,103531,1144.290000000,47108
RTSI,0,20161216,103532,1144.220000000,7284
RTSI,0,20161216,103533,1144.190000000,4950
RTSI,0,20161216,103534,1144.210000000,2522
RTSI,0,20161216,103535,1144.260000000,977
RTSI,0,20161216,103536,1144.220000000,13092
RTSI,0,20161216,103537,1144.270000000,17217
RTSI,0,20161216,103538,1144.270000000,4554
RTSI,0,20161216,103539,1144.240000000,1076
RTSI,0,20161216,103540,1144.240000000,77080
RTSI,0,20161216,103541,1144.260000000,1350
RTSI,0,20161216,103542,1144.270000000,30035
RTSI,0,20161216,103543,1144.340000000,14729
RTSI,0,20161216,103544,1144.380000000,2918
RTSI,0,20161216,103545,1144.350000000,10440
RTSI,0,20161216,103546,1144.280000000,8159
RTSI,0,20161216,103547,1144.240000000,5145
RTSI,0,20161216,103548,1144.250000000,742
RTSI,0,20161216,103549,1144.280000000,37121
RTSI,0,20161216,103550,1144.290000000,27308
RTSI,0,20161216,103551,1144.400000000,21951
RTSI,0,20161216,103552,1144.350000000,13343
RTSI,0,20161216,103553,1144.250000000,4267
RTSI,0,20161216,103554,1144.250000000,2506
RTSI,0,20161216,103555,1144.240000000,14524
RTSI,0,20161216,103556,1144.180000000,4865
RTSI,0,20161216,103557,1144.180000000,598
RTSI,0,20161216,103558,1144.250000000,518
RTSI,0,20161216,103559,1144.260000000,4482
RTSI,0,20161216,103600,1144.350000000,15378
RTSI,0,20161216,103601,1144.380000000,41137
RTSI,0,20161216,103602,1144.380000000,4151
RTSI,0,20161216,103603,1144.350000000,4191
RTSI,0,20161216,103604,1144.350000000,24725
RTSI,0,20161216,103605,1144.360000000,18667
RTSI,0,20161216,103606,1144.350000000,138251
RTSI,0,20161216,103607,1144.420000000,39494
RTSI,0,20161216,103608,1144.470000000,22103
RTSI,0,20161216,103609,1144.540000000,18265
RTSI,0,20161216,103610,1144.520000000,9192
RTSI,0,20161216,103611,1144.520000000,11421
RTSI,0,20161216,103612,1144.540000000,11766
RTSI,0,20161216,103613,1144.540000000,181
RTSI,0,20161216,103615,1144.520000000,12535
RTSI,0,20161216,103616,1144.550000000,162
RTSI,0,20161216,103617,1144.550000000,182
RTSI,0,20161216,103618,1144.570000000,16914
RTSI,0,20161216,103619,1144.550000000,5394
RTSI,0,20161216,103620,1144.540000000,3218
RTSI,0,20161216,103621,1144.560000000,14609
RTSI,0,20161216,103622,1144.560000000,24796
RTSI,0,20161216,103623,1144.580000000,16273
RTSI,0,20161216,103624,1144.560000000,603
RTSI,0,20161216,103625,1144.560000000,488
RTSI,0,20161216,103626,1144.400000000,35874
RTSI,0,20161216,103627,1144.410000000,2458
RTSI,0,20161216,103628,1144.410000000,3764
RTSI,0,20161216,103630,1144.390000000,3244
RTSI,0,20161216,103631,1144.430000000,15134
RTSI,0,20161216,103632,1144.400000000,1810
RTSI,0,20161216,103633,1143.940000000,136838
RTSI,0,20161216,103634,1143.890000000,29853
RTSI,0,20161216,103635,1143.950000000,10017
RTSI,0,20161216,103636,1143.980000000,6126
RTSI,0,20161216,103637,1143.930000000,3274
RTSI,0,20161216,103638,1143.910000000,21841
RTSI,0,20161216,103639,1143.920000000,1134
RTSI,0,20161216,103640,1143.930000000,259
RTSI,0,20161216,103641,1143.950000000,3848
RTSI,0,20161216,103642,1143.930000000,648
RTSI,0,20161216,103643,1143.910000000,2297
RTSI,0,20161216,103644,1143.910000000,23491
RTSI,0,20161216,103645,1143.970000000,63564
RTSI,0,20161216,103646,1143.960000000,5889
RTSI,0,20161216,103647,1143.940000000,447
RTSI,0,20161216,103648,1143.970000000,11682
RTSI,0,20161216,103649,1143.970000000,4
RTSI,0,20161216,103650,1143.950000000,1346
RTSI,0,20161216,103651,1143.950000000,3654
RTSI,0,20161216,103652,1143.930000000,40779
RTSI,0,20161216,103653,1143.920000000,3442
RTSI,0,20161216,103654,1143.930000000,20442
RTSI,0,20161216,103655,1143.920000000,32793
RTSI,0,20161216,103656,1143.920000000,3575
RTSI,0,20161216,103657,1143.910000000,11121
RTSI,0,20161216,103658,1143.910000000,7837
RTSI,0,20161216,103659,1143.940000000,7519
RTSI,0,20161216,103700,1143.960000000,2090
RTSI,0,20161216,103701,1144.020000000,497
RTSI,0,20161216,103702,1143.950000000,5041
RTSI,0,20161216,103703,1143.960000000,16328
RTSI,0,20161216,103704,1143.920000000,397910
RTSI,0,20161216,103705,1143.960000000,42990
RTSI,0,20161216,103706,1144.030000000,23751
RTSI,0,20161216,103707,1144.030000000,38203
RTSI,0,20161216,103708,1144.020000000,5722
RTSI,0,20161216,103709,1143.990000000,98821
RTSI,0,20161216,103710,1143.940000000,31131
RTSI,0,20161216,103711,1143.920000000,21125
RTSI,0,20161216,103712,1144.010000000,27297
RTSI,0,20161216,103713,1144.020000000,25781
RTSI,0,20161216,103714,1143.940000000,9514
RTSI,0,20161216,103715,1144.000000000,5115
RTSI,0,20161216,103716,1143.970000000,10774
RTSI,0,20161216,103717,1143.940000000,5506
RTSI,0,20161216,103718,1143.970000000,14535
RTSI,0,20161216,103719,1143.940000000,17990
RTSI,0,20161216,103720,1143.940000000,12782
RTSI,0,20161216,103721,1143.950000000,3257
RTSI,0,20161216,103722,1144.000000000,38332
RTSI,0,20161216,103723,1143.990000000,4440
RTSI,0,20161216,103724,1144.040000000,1420
RTSI,0,20161216,103725,1144.050000000,1815
RTSI,0,20161216,103726,1144.060000000,7165
RTSI,0,20161216,103727,1144.070000000,9690
RTSI,0,20161216,103728,1144.070000000,2102
RTSI,0,20161216,103729,1144.110000000,6912
RTSI,0,20161216,103730,1144.050000000,13415
RTSI,0,20161216,103731,1143.980000000,24926
RTSI,0,20161216,103732,1144.020000000,7270
RTSI,0,20161216,103733,1143.970000000,22458
RTSI,0,20161216,103734,1143.990000000,11830
RTSI,0,20161216,103735,1144.010000000,9854
RTSI,0,20161216,103736,1144.010000000,264
RTSI,0,20161216,103737,1144.010000000,393
RTSI,0,20161216,103738,1144.010000000,2120
RTSI,0,20161216,103739,1144.030000000,7930
RTSI,0,20161216,103740,1144.040000000,411
RTSI,0,20161216,103741,1144.050000000,2152
RTSI,0,20161216,103742,1144.040000000,20144
RTSI,0,20161216,103743,1144.080000000,10787
RTSI,0,20161216,103744,1144.030000000,11716
RTSI,0,20161216,103745,1144.060000000,20188
