<TICKER>,<PER>,<DATE>,<TIME>,<LAST>,<VOL>
RTSI,0,20181214,100002,1129.080000000,147740
RTSI,0,20181214,100003,1128.730000000,402932
RTSI,0,20181214,100004,1128.390000000,159559
RTSI,0,20181214,100005,1128.670000000,241426
RTSI,0,20181214,100006,1128.740000000,33016
RTSI,0,20181214,100007,1128.780000000,94784
RTSI,0,20181214,100008,1128.710000000,50097
RTSI,0,20181214,100009,1128.460000000,419360
RTSI,0,20181214,100010,1128.150000000,326171
RTSI,0,20181214,100011,1128.230000000,300524
RTSI,0,20181214,100012,1128.480000000,38403
RTSI,0,20181214,100013,1128.650000000,132252
RTSI,0,20181214,100014,1128.470000000,90079
RTSI,0,20181214,100015,1128.560000000,61819
RTSI,0,20181214,100016,1128.460000000,24454
RTSI,0,20181214,100017,1128.780000000,30134
RTSI,0,20181214,100018,1128.900000000,53378
RTSI,0,20181214,100019,1128.810000000,16103
RTSI,0,20181214,100020,1128.910000000,31930
RTSI,0,20181214,100021,1128.840000000,11967
RTSI,0,20181214,100022,1129.020000000,16531
RTSI,0,20181214,100023,1128.670000000,18932
RTSI,0,20181214,100024,1128.640000000,46876
RTSI,0,20181214,100025,1128.770000000,14785
RTSI,0,20181214,100026,1128.800000000,11206
RTSI,0,20181214,100027,1128.810000000,172646
RTSI,0,20181214,100028,1128.840000000,22644
RTSI,0,20181214,100029,1128.880000000,48389
RTSI,0,20181214,100030,1128.630000000,28363
RTSI,0,20181214,100031,1128.860000000,51209
RTSI,0,20181214,100032,1128.510000000,20826
RTSI,0,20181214,100033,1128.570000000,26291
RTSI,0,20181214,100034,1128.610000000,12415
RTSI,0,20181214,100035,1128.520000000,3897
RTSI,0,20181214,100036,1128.480000000,35889
RTSI,0,20181214,100037,1128.400000000,4505
RTSI,0,20181214,100038,1128.310000000,22158
RTSI,0,20181214,100039,1128.460000000,10982
RTSI,0,20181214,100040,1128.430000000,11760
RTSI,0,20181214,100041,1128.240000000,76443
RTSI,0,20181214,100042,1128.260000000,20850
RTSI,0,20181214,100043,1128.240000000,18312
RTSI,0,20181214,100044,1128.410000000,19700
RTSI,0,20181214,100045,1128.470000000,16852
RTSI,0,20181214,100046,1128.330000000,13550
RTSI,0,20181214,100047,1128.290000000,8692
RTSI,0,20181214,100048,1128.310000000,14018
RTSI,0,20181214,100049,1128.360000000,1586
RTSI,0,20181214,100050,1128.490000000,93757
RTSI,0,20181214,100051,1128.420000000,3795
RTSI,0,20181214,100052,1128.410000000,10021
RTSI,0,20181214,100053,1128.370000000,12306
RTSI,0,20181214,100054,1128.290000000,42296
RTSI,0,20181214,100055,1128.290000000,2738
RTSI,0,20181214,100056,1128.250000000,841
RTSI,0,20181214,100057,1128.300000000,20444
RTSI,0,20181214,100058,1128.350000000,21394
RTSI,0,20181214,100059,1128.280000000,91246
RTSI,0,20181214,100100,1128.510000000,9855
RTSI,0,20181214,100101,1128.540000000,139742
RTSI,0,20181214,100102,1128.400000000,56103
RTSI,0,20181214,100103,1128.340000000,16440
RTSI,0,20181214,100104,1128.370000000,13599
RTSI,0,20181214,100105,1128.300000000,916
RTSI,0,20181214,100106,1128.270000000,5138
RTSI,0,20181214,100107,1128.050000000,41592
RTSI,0,20181214,100108,1127.800000000,36258
RTSI,0,20181214,100109,1127.770000000,12337
RTSI,0,20181214,100110,1127.940000000,26943
RTSI,0,20181214,100111,1127.820000000,166827
RTSI,0,20181214,100112,1127.770000000,9809
RTSI,0,20181214,100113,1127.750000000,39324
RTSI,0,20181214,100114,1127.520000000,4172
RTSI,0,20181214,100115,1127.510000000,5767
RTSI,0,20181214,100116,1127.480000000,10030
RTSI,0,20181214,100117,1127.370000000,56181
RTSI,0,20181214,100118,1127.440000000,292
RTSI,0,20181214,100119,1127.330000000,39669
RTSI,0,20181214,100120,1127.390000000,13917
RTSI,0,20181214,100121,1127.390000000,15061
RTSI,0,20181214,100122,1127.320000000,3734
RTSI,0,20181214,100123,1127.170000000,3895
RTSI,0,20181214,100124,1127.130000000,8955
RTSI,0,20181214,100125,1126.910000000,50576
RTSI,0,20181214,100126,1126.830000000,48551
RTSI,0,20181214,100127,1126.900000000,17428
RTSI,0,20181214,100128,1126.810000000,9576
RTSI,0,20181214,100129,1126.800000000,24319
RTSI,0,20181214,100130,1126.650000000,5223
RTSI,0,20181214,100131,1126.650000000,12714
RTSI,0,20181214,100132,1126.590000000,5984
RTSI,0,20181214,100133,1126.560000000,6679
RTSI,0,20181214,100134,1126.540000000,7929
RTSI,0,20181214,100135,1126.460000000,5569
RTSI,0,20181214,100136,1126.370000000,13586
RTSI,0,20181214,100137,1126.360000000,21481
RTSI,0,20181214,100138,1126.370000000,63712
RTSI,0,20181214,100139,1126.390000000,9766
RTSI,0,20181214,100140,1126.220000000,19868
RTSI,0,20181214,100141,1126.220000000,16639
RTSI,0,20181214,100142,1126.200000000,2584
RTSI,0,20181214,100143,1125.960000000,65234
RTSI,0,20181214,100144,1126.060000000,12859
RTSI,0,20181214,100145,1126.040000000,18941
RTSI,0,20181214,100146,1126.020000000,10965
RTSI,0,20181214,100147,1125.890000000,3929
RTSI,0,20181214,100148,1125.810000000,61651
RTSI,0,20181214,100149,1125.510000000,106912
RTSI,0,20181214,100150,1125.450000000,16394
RTSI,0,20181214,100151,1125.240000000,146220
RTSI,0,20181214,100152,1125.210000000,18937
RTSI,0,20181214,100153,1125.090000000,1450
RTSI,0,20181214,100154,1125.110000000,10178
RTSI,0,20181214,100155,1125.120000000,74246
RTSI,0,20181214,100156,1125.040000000,21786
RTSI,0,20181214,100157,1125.060000000,152748
RTSI,0,20181214,100158,1124.970000000,40746
RTSI,0,20181214,100159,1124.920000000,6357
RTSI,0,20181214,100200,1124.910000000,21289
RTSI,0,20181214,100201,1124.650000000,59510
RTSI,0,20181214,100202,1124.600000000,9398
RTSI,0,20181214,100203,1124.370000000,32611
RTSI,0,20181214,100204,1124.280000000,40397
RTSI,0,20181214,100205,1124.560000000,4149
RTSI,0,20181214,100206,1124.300000000,69219
RTSI,0,20181214,100207,1124.230000000,6759
RTSI,0,20181214,100208,1124.390000000,68434
RTSI,0,20181214,100209,1124.390000000,13924
RTSI,0,20181214,100210,1124.450000000,3366
RTSI,0,20181214,100211,1124.380000000,14585
RTSI,0,20181214,100212,1124.400000000,5142
RTSI,0,20181214,100213,1124.460000000,18328
RTSI,0,20181214,100214,1124.330000000,9695
RTSI,0,20181214,100215,1124.280000000,2754
RTSI,0,20181214,100216,1124.280000000,29127
RTSI,0,20181214,100217,1124.170000000,37321
RTSI,0,20181214,100218,1124.250000000,9428
RTSI,0,20181214,100219,1124.330000000,37977
RTSI,0,20181214,100220,1124.280000000,12113
RTSI,0,20181214,100221,1124.240000000,55328
RTSI,0,20181214,100222,1124.370000000,30326
RTSI,0,20181214,100223,1124.380000000,5235
RTSI,0,20181214,100224,1124.260000000,519
RTSI,0,20181214,100225,1124.270000000,11448
RTSI,0,20181214,100226,1124.290000000,11995
RTSI,0,20181214,100227,1124.310000000,3045
RTSI,0,20181214,100228,1124.310000000,647
RTSI,0,20181214,100229,1124.330000000,2828
RTSI,0,20181214,100230,1124.310000000,6749
RTSI,0,20181214,100231,1124.310000000,9177
RTSI,0,20181214,100232,1124.310000000,24925
RTSI,0,20181214,100233,1124.380000000,38318
RTSI,0,20181214,100234,1124.330000000,7381
RTSI,0,20181214,100235,1124.420000000,6171
RTSI,0,20181214,100236,1124.460000000,1431
RTSI,0,20181214,100237,1124.610000000,25990
RTSI,0,20181214,100238,1124.580000000,8847
RTSI,0,20181214,100239,1124.600000000,32545
RTSI,0,20181214,100240,1124.550000000,685
RTSI,0,20181214,100241,1124.630000000,14405
RTSI,0,20181214,100242,1124.580000000,39133
RTSI,0,20181214,100243,1124.500000000,6865
RTSI,0,20181214,100244,1124.530000000,2828
RTSI,0,20181214,100245,1124.620000000,43928
RTSI,0,20181214,100246,1124.640000000,6712
RTSI,0,20181214,100247,1124.750000000,8708
RTSI,0,20181214,100248,1124.740000000,5090
RTSI,0,20181214,100249,1124.760000000,49374
RTSI,0,20181214,100250,1124.720000000,14518
RTSI,0,20181214,100251,1124.640000000,3397
RTSI,0,20181214,100252,1124.590000000,10122
RTSI,0,20181214,100253,1124.690000000,10271
RTSI,0,20181214,100254,1124.680000000,60
RTSI,0,20181214,100255,1124.680000000,12965
RTSI,0,20181214,100256,1124.730000000,13483
RTSI,0,20181214,100257,1124.820000000,17353
RTSI,0,20181214,100258,1124.870000000,10393
RTSI,0,20181214,100259,1124.890000000,4375
RTSI,0,20181214,100300,1124.840000000,9269
RTSI,0,20181214,100301,1124.780000000,17200
RTSI,0,20181214,100302,1124.820000000,16135
RTSI,0,20181214,100303,1124.680000000,4766
RTSI,0,20181214,100304,1124.700000000,2008
RTSI,0,20181214,100305,1124.710000000,8995
RTSI,0,20181214,100306,1124.790000000,1207
RTSI,0,20181214,100307,1124.800000000,5773
RTSI,0,20181214,100308,1124.800000000,3525
RTSI,0,20181214,100309,1124.820000000,465
RTSI,0,20181214,100310,1124.750000000,1229
RTSI,0,20181214,100311,1124.740000000,10506
RTSI,0,20181214,100312,1124.720000000,6900
RTSI,0,20181214,100313,1124.630000000,31899
RTSI,0,20181214,100314,1124.740000000,10499
RTSI,0,20181214,100315,1124.770000000,5605
RTSI,0,20181214,100316,1124.700000000,66517
RTSI,0,20181214,100317,1124.850000000,14255
RTSI,0,20181214,100318,1124.860000000,1939
RTSI,0,20181214,100319,1124.840000000,5236
RTSI,0,20181214,100320,1124.830000000,91685
RTSI,0,20181214,100321,1124.740000000,19721
RTSI,0,20181214,100322,1124.740000000,110
RTSI,0,20181214,100323,1124.730000000,2855
RTSI,0,20181214,100324,1124.840000000,34556
RTSI,0,20181214,100325,1124.820000000,4208
RTSI,0,20181214,100326,1124.780000000,5425
RTSI,0,20181214,100327,1124.890000000,84420
RTSI,0,20181214,100328,1124.880000000,16989
RTSI,0,20181214,100329,1124.900000000,2448
RTSI,0,20181214,100330,1124.880000000,3880
RTSI,0,20181214,100331,1124.940000000,8895
RTSI,0,20181214,100332,1124.990000000,8444
RTSI,0,20181214,100333,1125.040000000,13599
RTSI,0,20181214,100334,1125.070000000,10982
RTSI,0,20181214,100335,1125.030000000,306
RTSI,0,20181214,100336,1125.020000000,39497
RTSI,0,20181214,100337,1125.070000000,319
RTSI,0,20181214,100338,1125.000000000,18262
RTSI,0,20181214,100339,1125.060000000,10333
RTSI,0,20181214,100340,1125.070000000,3827
RTSI,0,20181214,100341,1125.170000000,11113
RTSI,0,20181214,100342,1125.130000000,28113
RTSI,0,20181214,100343,1125.160000000,3830
RTSI,0,20181214,100344,1125.210000000,80
RTSI,0,20181214,100345,1125.180000000,3193
RTSI,0,20181214,100346,1125.250000000,1016
RTSI,0,20181214,100347,1125.210000000,12076
RTSI,0,20181214,100348,1125.210000000,6139
RTSI,0,20181214,100349,1125.250000000,915
RTSI,0,20181214,100350,1125.280000000,1664
RTSI,0,20181214,100351,1125.260000000,8351
RTSI,0,20181214,100352,1125.240000000,7393
RTSI,0,20181214,100353,1125.290000000,1897
RTSI,0,20181214,100354,1125.280000000,2837
RTSI,0,20181214,100355,1125.350000000,32101
RTSI,0,20181214,100356,1125.270000000,413
RTSI,0,20181214,100357,1125.280000000,48211
RTSI,0,20181214,100358,1125.280000000,5961
RTSI,0,20181214,100359,1125.220000000,18174
RTSI,0,20181214,100400,1125.200000000,3216
RTSI,0,20181214,100401,1125.190000000,18918
RTSI,0,20181214,100402,1125.170000000,25161
RTSI,0,20181214,100403,1125.110000000,60309
RTSI,0,20181214,100404,1125.080000000,11351
RTSI,0,20181214,100405,1124.530000000,84232
RTSI,0,20181214,100406,1124.510000000,18722
RTSI,0,20181214,100407,1124.500000000,142
RTSI,0,20181214,100408,1124.430000000,8359
RTSI,0,20181214,100409,1124.370000000,44875
RTSI,0,20181214,100410,1124.320000000,128254
RTSI,0,20181214,100411,1124.280000000,18720
RTSI,0,20181214,100412,1124.200000000,17972
RTSI,0,20181214,100413,1124.140000000,408
RTSI,0,20181214,100414,1124.150000000,229
RTSI,0,20181214,100415,1124.000000000,31740
RTSI,0,20181214,100416,1124.030000000,24053
RTSI,0,20181214,100417,1123.840000000,14348
RTSI,0,20181214,100418,1123.830000000,2987
RTSI,0,20181214,100419,1123.830000000,0
RTSI,0,20181214,100420,1123.770000000,2291
RTSI,0,20181214,100421,1123.830000000,332
RTSI,0,20181214,100422,1124.010000000,92349
RTSI,0,20181214,100423,1124.030000000,42618
RTSI,0,20181214,100424,1124.110000000,16290
RTSI,0,20181214,100425,1124.080000000,14250
RTSI,0,20181214,100426,1124.110000000,1624
RTSI,0,20181214,100427,1124.100000000,20522
RTSI,0,20181214,100428,1124.060000000,25938
RTSI,0,20181214,100429,1124.210000000,14083
RTSI,0,20181214,100430,1124.260000000,3279
RTSI,0,20181214,100431,1124.320000000,18881
RTSI,0,20181214,100432,1124.240000000,36690
RTSI,0,20181214,100433,1124.290000000,9377
RTSI,0,20181214,100434,1124.300000000,665
RTSI,0,20181214,100435,1124.320000000,1758
RTSI,0,20181214,100436,1124.260000000,275
RTSI,0,20181214,100437,1124.120000000,23627
RTSI,0,20181214,100438,1124.130000000,7188
RTSI,0,20181214,100439,1124.100000000,6541
RTSI,0,20181214,100440,1124.080000000,1125
RTSI,0,20181214,100441,1124.080000000,1573
RTSI,0,20181214,100442,1124.130000000,65579
RTSI,0,20181214,100443,1124.190000000,13439
RTSI,0,20181214,100444,1124.170000000,15169
RTSI,0,20181214,100445,1124.080000000,8905
RTSI,0,20181214,100446,1124.090000000,4532
RTSI,0,20181214,100447,1124.110000000,289
RTSI,0,20181214,100448,1124.070000000,2376
RTSI,0,20181214,100449,1124.120000000,134
RTSI,0,20181214,100450,1124.120000000,23240
RTSI,0,20181214,100451,1124.140000000,474
RTSI,0,20181214,100452,1124.140000000,2895
RTSI,0,20181214,100453,1124.190000000,1894
RTSI,0,20181214,100454,1124.120000000,5235
RTSI,0,20181214,100455,1124.070000000,5626
RTSI,0,20181214,100456,1124.100000000,525
RTSI,0,20181214,100457,1124.170000000,3861
RTSI,0,20181214,100458,1124.160000000,90
RTSI,0,20181214,100459,1124.030000000,9380
RTSI,0,20181214,100500,1124.020000000,24307
RTSI,0,20181214,100501,1123.650000000,45018
RTSI,0,20181214,100502,1123.470000000,13031
RTSI,0,20181214,100503,1123.470000000,177596
RTSI,0,20181214,100504,1123.400000000,12420
RTSI,0,20181214,100505,1123.430000000,11225
RTSI,0,20181214,100506,1123.710000000,41622
RTSI,0,20181214,100507,1123.710000000,3474
RTSI,0,20181214,100508,1123.760000000,31173
RTSI,0,20181214,100509,1123.790000000,27149
RTSI,0,20181214,100510,1123.690000000,2912
RTSI,0,20181214,100511,1123.560000000,5266
RTSI,0,20181214,100512,1123.620000000,840
RTSI,0,20181214,100513,1123.570000000,13168
RTSI,0,20181214,100514,1123.590000000,20601
RTSI,0,20181214,100515,1123.580000000,2566
RTSI,0,20181214,100516,1123.590000000,27
RTSI,0,20181214,100517,1123.630000000,8753
RTSI,0,20181214,100518,1123.580000000,2922
RTSI,0,20181214,100519,1123.660000000,2074
RTSI,0,20181214,100520,1123.650000000,2626
RTSI,0,20181214,100521,1123.640000000,70841
RTSI,0,20181214,100522,1123.640000000,300
RTSI,0,20181214,100523,1123.650000000,1300
RTSI,0,20181214,100524,1123.720000000,4092
RTSI,0,20181214,100525,1123.740000000,15409
RTSI,0,20181214,100526,1123.670000000,6565
RTSI,0,20181214,100527,1123.630000000,5502
RTSI,0,20181214,100528,1123.620000000,8904
RTSI,0,20181214,100529,1123.620000000,31636
RTSI,0,20181214,100530,1123.560000000,21333
RTSI,0,20181214,100531,1123.550000000,20843
RTSI,0,20181214,100532,1123.540000000,3148
RTSI,0,20181214,100533,1123.500000000,7671
RTSI,0,20181214,100534,1123.500000000,879
RTSI,0,20181214,100535,1123.540000000,6436
RTSI,0,20181214,100536,1123.660000000,957
RTSI,0,20181214,100537,1123.690000000,291
RTSI,0,20181214,100538,1123.710000000,16514
RTSI,0,20181214,100539,1123.730000000,12405
RTSI,0,20181214,100540,1123.770000000,149912
RTSI,0,20181214,100541,1123.650000000,3118
RTSI,0,20181214,100542,1123.740000000,12280
RTSI,0,20181214,100543,1123.770000000,448
RTSI,0,20181214,100544,1123.780000000,11866
RTSI,0,20181214,100545,1123.740000000,101
RTSI,0,20181214,100546,1123.690000000,3008
RTSI,0,20181214,100547,1123.690000000,421
RTSI,0,20181214,100548,1123.660000000,14445
RTSI,0,20181214,100549,1123.680000000,712
RTSI,0,20181214,100550,1123.660000000,38760
RTSI,0,20181214,100551,1123.740000000,20603
RTSI,0,20181214,100552,1123.740000000,417
RTSI,0,20181214,100553,1123.730000000,802
RTSI,0,20181214,100554,1123.740000000,5124
RTSI,0,20181214,100555,1123.660000000,2400
RTSI,0,20181214,100556,1123.800000000,13783
RTSI,0,20181214,100557,1123.690000000,12320
RTSI,0,20181214,100558,1123.740000000,34573
RTSI,0,20181214,100559,1123.730000000,25150
RTSI,0,20181214,100600,1123.780000000,125
RTSI,0,20181214,100601,1123.810000000,3214
RTSI,0,20181214,100602,1123.790000000,658
RTSI,0,20181214,100603,1123.830000000,2709
RTSI,0,20181214,100604,1123.950000000,30938
RTSI,0,20181214,100605,1123.960000000,251
RTSI,0,20181214,100606,1124.090000000,81950
RTSI,0,20181214,100607,1124.150000000,22206
RTSI,0,20181214,100608,1124.160000000,24861
RTSI,0,20181214,100609,1124.070000000,10488
RTSI,0,20181214,100610,1124.080000000,169
RTSI,0,20181214,100611,1124.060000000,1503
RTSI,0,20181214,100612,1123.990000000,2180
RTSI,0,20181214,100613,1124.060000000,1244
RTSI,0,20181214,100614,1124.030000000,3765
RTSI,0,20181214,100615,1124.040000000,50
RTSI,0,20181214,100616,1124.030000000,3071
RTSI,0,20181214,100617,1124.020000000,21764
RTSI,0,20181214,100618,1123.940000000,2906
RTSI,0,20181214,100619,1124.070000000,27265
RTSI,0,20181214,100620,1124.100000000,2787
RTSI,0,20181214,100621,1124.100000000,5352
RTSI,0,20181214,100622,1124.110000000,18
RTSI,0,20181214,100623,1124.140000000,12793
RTSI,0,20181214,100624,1124.220000000,48708
RTSI,0,20181214,100625,1124.150000000,8866
RTSI,0,20181214,100626,1124.200000000,1102
RTSI,0,20181214,100627,1124.180000000,10370
RTSI,0,20181214,100628,1124.160000000,287
RTSI,0,20181214,100629,1124.140000000,5106
RTSI,0,20181214,100630,1124.180000000,27113
RTSI,0,20181214,100631,1124.190000000,775
RTSI,0,20181214,100632,1124.210000000,815
RTSI,0,20181214,100633,1124.170000000,2184
RTSI,0,20181214,100634,1124.160000000,3606
RTSI,0,20181214,100635,1124.230000000,55296
RTSI,0,20181214,100636,1124.300000000,150229
RTSI,0,20181214,100637,1124.310000000,25324
RTSI,0,20181214,100638,1124.250000000,113
RTSI,0,20181214,100639,1124.320000000,4162
RTSI,0,20181214,100640,1124.380000000,4129
RTSI,0,20181214,100641,1124.470000000,4331
RTSI,0,20181214,100642,1124.410000000,7791
RTSI,0,20181214,100643,1124.380000000,632
RTSI,0,20181214,100644,1124.320000000,15870
RTSI,0,20181214,100645,1124.310000000,285
RTSI,0,20181214,100646,1124.240000000,16178
RTSI,0,20181214,100647,1124.340000000,51520
RTSI,0,20181214,100648,1124.310000000,33068
RTSI,0,20181214,100649,1124.270000000,59633
RTSI,0,20181214,100650,1124.280000000,83005
RTSI,0,20181214,100651,1124.220000000,2082
RTSI,0,20181214,100652,1124.250000000,2901
RTSI,0,20181214,100653,1124.240000000,857
RTSI,0,20181214,100654,1124.330000000,23351
RTSI,0,20181214,100655,1124.280000000,4516
RTSI,0,20181214,100656,1124.120000000,16691
RTSI,0,20181214,100657,1124.100000000,6417
RTSI,0,20181214,100658,1124.100000000,1998
RTSI,0,20181214,100659,1124.200000000,108
RTSI,0,20181214,100700,1124.140000000,11686
RTSI,0,20181214,100701,1124.150000000,773
RTSI,0,20181214,100702,1124.180000000,5233
RTSI,0,20181214,100703,1124.190000000,67
RTSI,0,20181214,100704,1124.240000000,1120
RTSI,0,20181214,100705,1124.250000000,9477
RTSI,0,20181214,100706,1124.230000000,13132
RTSI,0,20181214,100707,1124.260000000,1937
RTSI,0,20181214,100708,1124.210000000,33260
RTSI,0,20181214,100709,1124.400000000,57932
RTSI,0,20181214,100710,1124.370000000,31616
RTSI,0,20181214,100711,1124.470000000,4530
RTSI,0,20181214,100712,1124.450000000,0
RTSI,0,20181214,100713,1124.510000000,1078
RTSI,0,20181214,100714,1124.540000000,9220
RTSI,0,20181214,100715,1124.620000000,0
RTSI,0,20181214,100716,1124.640000000,17231
RTSI,0,20181214,100717,1124.640000000,3602
RTSI,0,20181214,100718,1124.610000000,1628
RTSI,0,20181214,100719,1124.640000000,12310
RTSI,0,20181214,100720,1124.620000000,417
RTSI,0,20181214,100721,1124.650000000,29
RTSI,0,20181214,100722,1124.720000000,952
RTSI,0,20181214,100723,1124.710000000,5390
RTSI,0,20181214,100724,1124.720000000,9397
RTSI,0,20181214,100725,1124.730000000,50
RTSI,0,20181214,100726,1124.730000000,6862
RTSI,0,20181214,100727,1124.730000000,27666
RTSI,0,20181214,100728,1124.730000000,8201
RTSI,0,20181214,100729,1124.710000000,2007
RTSI,0,20181214,100730,1124.610000000,2313
RTSI,0,20181214,100731,1124.590000000,5415
RTSI,0,20181214,100732,1124.500000000,33999
RTSI,0,20181214,100733,1124.460000000,11902
RTSI,0,20181214,100734,1124.470000000,8415
RTSI,0,20181214,100735,1124.480000000,2255
RTSI,0,20181214,100736,1124.550000000,4067
RTSI,0,20181214,100737,1124.540000000,0
RTSI,0,20181214,100738,1124.520000000,13323
RTSI,0,20181214,100739,1124.490000000,414
RTSI,0,20181214,100740,1124.460000000,2606
RTSI,0,20181214,100741,1124.560000000,4690
RTSI,0,20181214,100742,1124.470000000,12478
RTSI,0,20181214,100743,1124.490000000,7175
RTSI,0,20181214,100744,1124.480000000,223
RTSI,0,20181214,100745,1124.490000000,1120
RTSI,0,20181214,100746,1124.500000000,2449
RTSI,0,20181214,100747,1124.540000000,1258
RTSI,0,20181214,100748,1124.530000000,15
RTSI,0,20181214,100749,1124.530000000,0
RTSI,0,20181214,100750,1124.550000000,2609
RTSI,0,20181214,100751,1124.500000000,142930
RTSI,0,20181214,100752,1124.550000000,21849
RTSI,0,20181214,100753,1124.540000000,4106
RTSI,0,20181214,100754,1124.470000000,6424
RTSI,0,20181214,100755,1124.450000000,17144
RTSI,0,20181214,100756,1124.500000000,12088
RTSI,0,20181214,100757,1124.500000000,85
RTSI,0,20181214,100758,1124.500000000,6
RTSI,0,20181214,100759,1124.490000000,287
RTSI,0,20181214,100800,1124.510000000,78105
RTSI,0,20181214,100801,1124.530000000,368
RTSI,0,20181214,100802,1124.540000000,6737
RTSI,0,20181214,100803,1124.530000000,1726
RTSI,0,20181214,100804,1124.470000000,136
RTSI,0,20181214,100805,1124.440000000,2113
RTSI,0,20181214,100806,1124.440000000,1354
RTSI,0,20181214,100807,1124.390000000,63598
RTSI,0,20181214,100808,1124.450000000,7490
RTSI,0,20181214,100809,1124.450000000,552
RTSI,0,20181214,100810,1124.490000000,9071
RTSI,0,20181214,100811,1124.520000000,3148
RTSI,0,20181214,100812,1124.510000000,2385
RTSI,0,20181214,100813,1124.500000000,6904
RTSI,0,20181214,100814,1124.510000000,11523
RTSI,0,20181214,100815,1124.670000000,12064
RTSI,0,20181214,100816,1124.670000000,562
RTSI,0,20181214,100817,1124.660000000,1843
RTSI,0,20181214,100818,1124.650000000,3304
RTSI,0,20181214,100819,1124.640000000,19482
RTSI,0,20181214,100820,1124.600000000,8264
RTSI,0,20181214,100821,1124.680000000,2378
RTSI,0,20181214,100822,1124.640000000,852
RTSI,0,20181214,100823,1124.640000000,57
RTSI,0,20181214,100824,1124.680000000,34273
RTSI,0,20181214,100825,1124.600000000,9671
RTSI,0,20181214,100826,1124.630000000,3145
RTSI,0,20181214,100827,1124.700000000,30790
RTSI,0,20181214,100828,1124.700000000,171
RTSI,0,20181214,100829,1124.720000000,10469
RTSI,0,20181214,100830,1124.710000000,2736
RTSI,0,20181214,100831,1124.750000000,5291
RTSI,0,20181214,100832,1124.710000000,1445
RTSI,0,20181214,100833,1124.720000000,2973
RTSI,0,20181214,100834,1124.700000000,614
RTSI,0,20181214,100835,1124.700000000,38331
RTSI,0,20181214,100836,1124.650000000,131
RTSI,0,20181214,100837,1124.530000000,112813
RTSI,0,20181214,100838,1124.490000000,175
RTSI,0,20181214,100839,1124.490000000,286
RTSI,0,20181214,100840,1124.580000000,6521
RTSI,0,20181214,100841,1124.500000000,6900
RTSI,0,20181214,100842,1124.470000000,4103
RTSI,0,20181214,100843,1124.470000000,317
RTSI,0,20181214,100844,1124.470000000,2835
RTSI,0,20181214,100845,1124.480000000,12219
RTSI,0,20181214,100846,1124.490000000,166
RTSI,0,20181214,100847,1124.490000000,248
RTSI,0,20181214,100848,1124.530000000,5895
RTSI,0,20181214,100849,1124.550000000,18186
RTSI,0,20181214,100850,1124.580000000,0
RTSI,0,20181214,100851,1124.580000000,15632
RTSI,0,20181214,100852,1124.530000000,8527
RTSI,0,20181214,100853,1124.430000000,6336
RTSI,0,20181214,100854,1124.450000000,30
RTSI,0,20181214,100855,1124.460000000,2831
RTSI,0,20181214,100856,1124.530000000,191
RTSI,0,20181214,100857,1124.510000000,3544
RTSI,0,20181214,100858,1124.500000000,123
RTSI,0,20181214,100859,1124.480000000,17389
RTSI,0,20181214,100900,1124.470000000,404
RTSI,0,20181214,100901,1124.410000000,46819
RTSI,0,20181214,100902,1124.400000000,87
RTSI,0,20181214,100903,1124.380000000,1935
RTSI,0,20181214,100904,1124.380000000,40
RTSI,0,20181214,100905,1124.380000000,17
RTSI,0,20181214,100906,1124.380000000,14768
RTSI,0,20181214,100907,1124.470000000,68745
RTSI,0,20181214,100908,1124.410000000,9569
RTSI,0,20181214,100909,1124.310000000,77581
RTSI,0,20181214,100910,1124.320000000,77
RTSI,0,20181214,100911,1124.330000000,6925
RTSI,0,20181214,100912,1124.390000000,1401
RTSI,0,20181214,100913,1124.400000000,366
RTSI,0,20181214,100914,1124.400000000,195
RTSI,0,20181214,100915,1124.410000000,4865
RTSI,0,20181214,100916,1124.460000000,829
RTSI,0,20181214,100917,1124.460000000,9528
RTSI,0,20181214,100918,1124.450000000,6583
RTSI,0,20181214,100919,1124.360000000,3471
RTSI,0,20181214,100920,1124.430000000,1760
RTSI,0,20181214,100921,1124.420000000,9255
RTSI,0,20181214,100922,1124.420000000,12050
RTSI,0,20181214,100923,1124.410000000,3063
RTSI,0,20181214,100924,1124.350000000,1390
RTSI,0,20181214,100925,1124.380000000,9148
RTSI,0,20181214,100926,1124.380000000,38412
RTSI,0,20181214,100927,1124.370000000,7033
RTSI,0,20181214,100928,1124.380000000,619
RTSI,0,20181214,100929,1124.380000000,23
RTSI,0,20181214,100930,1124.360000000,217
RTSI,0,20181214,100931,1124.390000000,6134
RTSI,0,20181214,100932,1124.390000000,1918
RTSI,0,20181214,100933,1124.390000000,4097
RTSI,0,20181214,100934,1124.400000000,68
RTSI,0,20181214,100935,1124.320000000,5794
RTSI,0,20181214,100936,1124.330000000,3204
RTSI,0,20181214,100937,1124.460000000,24625
RTSI,0,20181214,100938,1124.600000000,22201
RTSI,0,20181214,100939,1124.570000000,18095
RTSI,0,20181214,100940,1124.570000000,6466
RTSI,0,20181214,100941,1124.540000000,7011
RTSI,0,20181214,100942,1124.530000000,812
RTSI,0,20181214,100943,1124.540000000,1664
RTSI,0,20181214,100944,1124.580000000,8082
RTSI,0,20181214,100945,1124.650000000,2917
RTSI,0,20181214,100946,1124.680000000,5194
RTSI,0,20181214,100947,1124.720000000,16847
RTSI,0,20181214,100948,1124.730000000,117
RTSI,0,20181214,100949,1124.760000000,4797
RTSI,0,20181214,100950,1124.770000000,164
RTSI,0,20181214,100951,1124.780000000,2747
RTSI,0,20181214,100952,1124.780000000,219
RTSI,0,20181214,100953,1124.780000000,3014
RTSI,0,20181214,100954,1124.750000000,11405
RTSI,0,20181214,100955,1124.800000000,5942
RTSI,0,20181214,100956,1124.750000000,536
RTSI,0,20181214,100957,1124.680000000,8151
RTSI,0,20181214,100958,1124.740000000,5731
RTSI,0,20181214,100959,1124.730000000,915
RTSI,0,20181214,101000,1124.730000000,429
RTSI,0,20181214,101001,1124.720000000,7384
RTSI,0,20181214,101002,1124.700000000,153875
RTSI,0,20181214,101003,1124.700000000,11191
RTSI,0,20181214,101004,1124.700000000,8108
RTSI,0,20181214,101005,1124.740000000,6227
RTSI,0,20181214,101006,1124.620000000,21832
RTSI,0,20181214,101007,1124.600000000,38372
RTSI,0,20181214,101008,1124.610000000,33011
RTSI,0,20181214,101009,1124.620000000,44432
RTSI,0,20181214,101010,1124.630000000,7412
RTSI,0,20181214,101011,1124.580000000,1919
RTSI,0,20181214,101012,1124.610000000,5378
RTSI,0,20181214,101013,1124.590000000,2379
RTSI,0,20181214,101014,1124.600000000,285
RTSI,0,20181214,101015,1124.600000000,2695
RTSI,0,20181214,101016,1124.610000000,1600
RTSI,0,20181214,101017,1124.680000000,8709
RTSI,0,20181214,101018,1124.680000000,4791
RTSI,0,20181214,101019,1124.680000000,19
RTSI,0,20181214,101020,1124.660000000,13221
RTSI,0,20181214,101021,1124.550000000,25244
RTSI,0,20181214,101022,1124.480000000,9308
RTSI,0,20181214,101023,1124.480000000,0
RTSI,0,20181214,101024,1124.530000000,1940
RTSI,0,20181214,101025,1124.570000000,29833
RTSI,0,20181214,101026,1124.530000000,4214
RTSI,0,20181214,101027,1124.550000000,1785
RTSI,0,20181214,101028,1124.560000000,14512
RTSI,0,20181214,101029,1124.590000000,663
RTSI,0,20181214,101030,1124.480000000,183335
RTSI,0,20181214,101031,1124.480000000,10932
RTSI,0,20181214,101032,1124.460000000,583
RTSI,0,20181214,101033,1124.400000000,1903
RTSI,0,20181214,101034,1124.480000000,8345
RTSI,0,20181214,101035,1124.460000000,1172
RTSI,0,20181214,101036,1124.460000000,15915
RTSI,0,20181214,101037,1124.500000000,9201
RTSI,0,20181214,101038,1124.510000000,1872
RTSI,0,20181214,101039,1124.520000000,6607
RTSI,0,20181214,101040,1124.460000000,18893
RTSI,0,20181214,101041,1124.410000000,15003
RTSI,0,20181214,101042,1124.390000000,4800
RTSI,0,20181214,101043,1124.450000000,46970
RTSI,0,20181214,101044,1124.410000000,92294
RTSI,0,20181214,101045,1124.380000000,6488
RTSI,0,20181214,101046,1124.360000000,6677
RTSI,0,20181214,101047,1124.260000000,141867
RTSI,0,20181214,101048,1124.340000000,4989
RTSI,0,20181214,101049,1124.310000000,8986
RTSI,0,20181214,101050,1124.280000000,9461
RTSI,0,20181214,101051,1124.340000000,6675
RTSI,0,20181214,101052,1124.320000000,13592
RTSI,0,20181214,101053,1124.370000000,10493
RTSI,0,20181214,101054,1124.370000000,16851
RTSI,0,20181214,101055,1124.420000000,12627
RTSI,0,20181214,101056,1124.370000000,1819
RTSI,0,20181214,101057,1124.390000000,17162
RTSI,0,20181214,101058,1124.180000000,69034
RTSI,0,20181214,101059,1124.250000000,5023
RTSI,0,20181214,101100,1124.250000000,1181
RTSI,0,20181214,101101,1124.260000000,6836
RTSI,0,20181214,101102,1124.170000000,1595
RTSI,0,20181214,101103,1124.200000000,33534
RTSI,0,20181214,101104,1124.190000000,0
RTSI,0,20181214,101105,1124.210000000,10672
RTSI,0,20181214,101106,1124.190000000,3135
RTSI,0,20181214,101107,1124.170000000,35044
RTSI,0,20181214,101108,1124.120000000,43424
RTSI,0,20181214,101109,1124.180000000,2945
RTSI,0,20181214,101110,1124.090000000,2622
RTSI,0,20181214,101111,1124.070000000,19444
RTSI,0,20181214,101112,1124.070000000,2134
RTSI,0,20181214,101113,1124.090000000,2905
RTSI,0,20181214,101114,1124.020000000,892
RTSI,0,20181214,101115,1124.050000000,21049
RTSI,0,20181214,101116,1123.960000000,28169
RTSI,0,20181214,101117,1123.940000000,6941
RTSI,0,20181214,101118,1123.950000000,41
RTSI,0,20181214,101119,1124.030000000,5427
RTSI,0,20181214,101120,1124.040000000,34403
RTSI,0,20181214,101121,1124.060000000,6674
RTSI,0,20181214,101122,1124.200000000,9302
RTSI,0,20181214,101123,1124.190000000,6992
RTSI,0,20181214,101124,1124.200000000,9710
RTSI,0,20181214,101125,1124.220000000,23070
RTSI,0,20181214,101126,1124.280000000,31491
RTSI,0,20181214,101127,1124.300000000,47023
RTSI,0,20181214,101128,1124.240000000,21046
RTSI,0,20181214,101129,1124.170000000,27451
RTSI,0,20181214,101130,1124.160000000,857
RTSI,0,20181214,101131,1124.180000000,2996
RTSI,0,20181214,101132,1124.210000000,14084
RTSI,0,20181214,101133,1124.220000000,33734
RTSI,0,20181214,101134,1124.260000000,10273
RTSI,0,20181214,101135,1124.350000000,56529
RTSI,0,20181214,101136,1124.350000000,26425
RTSI,0,20181214,101137,1124.330000000,10906
RTSI,0,20181214,101138,1124.350000000,2347
RTSI,0,20181214,101139,1124.400000000,21211
RTSI,0,20181214,101140,1124.470000000,7915
RTSI,0,20181214,101141,1124.470000000,3731
RTSI,0,20181214,101142,1124.540000000,58270
RTSI,0,20181214,101143,1124.500000000,4043
RTSI,0,20181214,101144,1124.580000000,6168
RTSI,0,20181214,101145,1124.600000000,10515
RTSI,0,20181214,101146,1124.640000000,66461
RTSI,0,20181214,101147,1124.640000000,3172
RTSI,0,20181214,101148,1124.640000000,233
RTSI,0,20181214,101149,1124.660000000,11929
RTSI,0,20181214,101150,1124.730000000,12656
RTSI,0,20181214,101151,1124.700000000,9815
RTSI,0,20181214,101152,1124.660000000,2217
RTSI,0,20181214,101153,1124.710000000,5856
RTSI,0,20181214,101154,1124.720000000,2098
RTSI,0,20181214,101155,1124.760000000,2928
RTSI,0,20181214,101156,1124.640000000,77503
RTSI,0,20181214,101157,1124.650000000,2904
RTSI,0,20181214,101158,1124.630000000,2800
RTSI,0,20181214,101159,1124.640000000,5076
RTSI,0,20181214,101200,1124.620000000,234
RTSI,0,20181214,101201,1124.630000000,6700
RTSI,0,20181214,101202,1124.600000000,4723
RTSI,0,20181214,101203,1124.620000000,6774
RTSI,0,20181214,101204,1124.600000000,5656
RTSI,0,20181214,101205,1124.590000000,56296
RTSI,0,20181214,101206,1124.650000000,7608
RTSI,0,20181214,101207,1124.700000000,2905
RTSI,0,20181214,101208,1124.700000000,434
RTSI,0,20181214,101209,1124.670000000,19692
RTSI,0,20181214,101210,1124.680000000,50
RTSI,0,20181214,101211,1124.680000000,0
RTSI,0,20181214,101212,1124.680000000,1118
RTSI,0,20181214,101213,1124.670000000,677
RTSI,0,20181214,101214,1124.680000000,162
RTSI,0,20181214,101215,1124.680000000,32702
RTSI,0,20181214,101216,1124.670000000,7041
RTSI,0,20181214,101217,1124.680000000,10370
RTSI,0,20181214,101218,1124.660000000,9414
RTSI,0,20181214,101219,1124.690000000,8007
RTSI,0,20181214,101220,1124.690000000,986
RTSI,0,20181214,101221,1124.700000000,1464
RTSI,0,20181214,101222,1124.700000000,1443
RTSI,0,20181214,101223,1124.670000000,5625
RTSI,0,20181214,101224,1124.690000000,39254
RTSI,0,20181214,101225,1124.740000000,10098
RTSI,0,20181214,101226,1124.740000000,1523
RTSI,0,20181214,101227,1124.760000000,169
RTSI,0,20181214,101228,1124.800000000,113
RTSI,0,20181214,101229,1124.770000000,3294
RTSI,0,20181214,101230,1124.800000000,2163
RTSI,0,20181214,101231,1124.770000000,7902
RTSI,0,20181214,101232,1124.730000000,12851
RTSI,0,20181214,101233,1124.730000000,272
RTSI,0,20181214,101234,1124.770000000,45819
RTSI,0,20181214,101235,1124.750000000,7737
RTSI,0,20181214,101236,1124.720000000,60665
RTSI,0,20181214,101237,1124.780000000,9395
RTSI,0,20181214,101238,1124.780000000,4758
RTSI,0,20181214,101239,1124.780000000,80
RTSI,0,20181214,101240,1124.860000000,55967
RTSI,0,20181214,101241,1124.770000000,11810
RTSI,0,20181214,101242,1124.670000000,12969
RTSI,0,20181214,101243,1124.690000000,652
RTSI,0,20181214,101244,1124.690000000,39
RTSI,0,20181214,101245,1124.720000000,2460
RTSI,0,20181214,101246,1124.740000000,294
RTSI,0,20181214,101247,1124.730000000,1596
RTSI,0,20181214,101248,1124.740000000,21870
RTSI,0,20181214,101249,1124.740000000,0
RTSI,0,20181214,101250,1124.710000000,4855
RTSI,0,20181214,101251,1124.700000000,4579
RTSI,0,20181214,101252,1124.710000000,16149
RTSI,0,20181214,101253,1124.710000000,1569
RTSI,0,20181214,101254,1124.680000000,886
RTSI,0,20181214,101255,1124.680000000,74586
RTSI,0,20181214,101256,1124.690000000,2461
RTSI,0,20181214,101257,1124.690000000,3700
RTSI,0,20181214,101258,1124.660000000,61
RTSI,0,20181214,101259,1124.710000000,6559
RTSI,0,20181214,101300,1124.720000000,805
RTSI,0,20181214,101301,1124.640000000,3027
RTSI,0,20181214,101302,1124.580000000,31975
RTSI,0,20181214,101303,1124.570000000,258
RTSI,0,20181214,101304,1124.560000000,2601
RTSI,0,20181214,101305,1124.550000000,0
RTSI,0,20181214,101306,1124.550000000,6215
RTSI,0,20181214,101307,1124.540000000,2286
RTSI,0,20181214,101308,1124.530000000,0
RTSI,0,20181214,101309,1124.520000000,1112
RTSI,0,20181214,101310,1124.510000000,433
RTSI,0,20181214,101311,1124.500000000,970
RTSI,0,20181214,101312,1124.450000000,53486
RTSI,0,20181214,101313,1124.450000000,24411
RTSI,0,20181214,101314,1124.440000000,944
RTSI,0,20181214,101315,1124.420000000,2208
RTSI,0,20181214,101316,1124.410000000,957
RTSI,0,20181214,101317,1124.320000000,148
RTSI,0,20181214,101318,1124.330000000,2986
RTSI,0,20181214,101319,1124.260000000,1191
RTSI,0,20181214,101320,1124.230000000,12562
RTSI,0,20181214,101321,1124.180000000,15463
RTSI,0,20181214,101322,1124.240000000,79
RTSI,0,20181214,101323,1124.210000000,1557
RTSI,0,20181214,101324,1124.220000000,1130
RTSI,0,20181214,101325,1124.120000000,8725
RTSI,0,20181214,101326,1124.110000000,0
RTSI,0,20181214,101327,1124.170000000,486
RTSI,0,20181214,101328,1124.100000000,11178
RTSI,0,20181214,101329,1124.080000000,1784
RTSI,0,20181214,101330,1124.130000000,4547
RTSI,0,20181214,101331,1124.040000000,7700
RTSI,0,20181214,101332,1124.040000000,29
RTSI,0,20181214,101333,1124.030000000,444
RTSI,0,20181214,101334,1124.020000000,0
RTSI,0,20181214,101335,1124.010000000,7463
RTSI,0,20181214,101336,1124.060000000,2622
RTSI,0,20181214,101337,1124.070000000,8796
RTSI,0,20181214,101338,1124.040000000,1406
RTSI,0,20181214,101339,1124.050000000,14959
RTSI,0,20181214,101340,1124.020000000,767
RTSI,0,20181214,101341,1124.040000000,431
RTSI,0,20181214,101342,1124.120000000,7102
RTSI,0,20181214,101343,1124.170000000,4191
RTSI,0,20181214,101344,1124.170000000,133
RTSI,0,20181214,101345,1124.150000000,2188
RTSI,0,20181214,101346,1124.030000000,9185
RTSI,0,20181214,101347,1124.010000000,2711
RTSI,0,20181214,101348,1123.920000000,6569
RTSI,0,20181214,101349,1123.900000000,826
RTSI,0,20181214,101350,1123.880000000,12961
RTSI,0,20181214,101351,1123.850000000,15030
RTSI,0,20181214,101352,1123.790000000,13222
RTSI,0,20181214,101353,1123.760000000,1307
RTSI,0,20181214,101354,1123.820000000,8840
RTSI,0,20181214,101355,1123.810000000,16706
RTSI,0,20181214,101356,1123.790000000,1922
RTSI,0,20181214,101357,1123.790000000,0
RTSI,0,20181214,101358,1123.660000000,66014
RTSI,0,20181214,101359,1123.660000000,10373
RTSI,0,20181214,101400,1123.650000000,4792
RTSI,0,20181214,101401,1123.650000000,90
RTSI,0,20181214,101402,1123.640000000,2347
RTSI,0,20181214,101403,1123.640000000,7621
RTSI,0,20181214,101404,1123.630000000,816
RTSI,0,20181214,101405,1123.630000000,3660
RTSI,0,20181214,101406,1123.620000000,307
RTSI,0,20181214,101407,1123.530000000,12451
RTSI,0,20181214,101408,1123.530000000,1580
RTSI,0,20181214,101409,1123.500000000,6704
RTSI,0,20181214,101410,1123.500000000,0
RTSI,0,20181214,101411,1123.480000000,2025
RTSI,0,20181214,101412,1123.480000000,110
RTSI,0,20181214,101413,1123.490000000,11823
RTSI,0,20181214,101414,1123.500000000,4929
RTSI,0,20181214,101415,1123.520000000,5526
RTSI,0,20181214,101416,1123.540000000,230
RTSI,0,20181214,101417,1123.530000000,3204
RTSI,0,20181214,101418,1123.480000000,9774
RTSI,0,20181214,101419,1123.490000000,32195
RTSI,0,20181214,101420,1123.530000000,4739
RTSI,0,20181214,101421,1123.520000000,3586
RTSI,0,20181214,101422,1123.530000000,10279
RTSI,0,20181214,101423,1123.460000000,27047
RTSI,0,20181214,101424,1123.500000000,32702
RTSI,0,20181214,101425,1123.550000000,7402
RTSI,0,20181214,101426,1123.620000000,2814
RTSI,0,20181214,101427,1123.630000000,4348
RTSI,0,20181214,101428,1123.600000000,4495
RTSI,0,20181214,101429,1123.600000000,39
RTSI,0,20181214,101430,1123.630000000,3521
RTSI,0,20181214,101431,1123.630000000,0
RTSI,0,20181214,101432,1123.630000000,0
RTSI,0,20181214,101433,1123.630000000,929
RTSI,0,20181214,101434,1123.590000000,4077
RTSI,0,20181214,101435,1123.570000000,1658
RTSI,0,20181214,101436,1123.570000000,3338
RTSI,0,20181214,101437,1123.580000000,18899
RTSI,0,20181214,101438,1123.580000000,2727
RTSI,0,20181214,101439,1123.580000000,33743
RTSI,0,20181214,101440,1123.660000000,8400
RTSI,0,20181214,101441,1123.660000000,3350
RTSI,0,20181214,101442,1123.610000000,414
RTSI,0,20181214,101443,1123.640000000,3944
RTSI,0,20181214,101444,1123.650000000,2776
RTSI,0,20181214,101445,1123.640000000,2974
RTSI,0,20181214,101446,1123.700000000,14469
RTSI,0,20181214,101447,1123.690000000,0
RTSI,0,20181214,101448,1123.630000000,544
RTSI,0,20181214,101449,1123.630000000,131
RTSI,0,20181214,101450,1123.650000000,42
RTSI,0,20181214,101451,1123.670000000,93
RTSI,0,20181214,101452,1123.670000000,762
RTSI,0,20181214,101453,1123.680000000,408
RTSI,0,20181214,101454,1123.600000000,18253
RTSI,0,20181214,101455,1123.610000000,5444
RTSI,0,20181214,101456,1123.590000000,2824
RTSI,0,20181214,101457,1123.560000000,2419
RTSI,0,20181214,101458,1123.540000000,733
RTSI,0,20181214,101459,1123.550000000,1809
RTSI,0,20181214,101500,1123.590000000,37929
RTSI,0,20181214,101501,1123.480000000,13176
RTSI,0,20181214,101502,1123.390000000,7679
RTSI,0,20181214,101503,1123.300000000,93758
RTSI,0,20181214,101504,1123.360000000,89690
RTSI,0,20181214,101505,1123.320000000,15049
RTSI,0,20181214,101506,1123.300000000,20269
RTSI,0,20181214,101507,1123.340000000,34031
RTSI,0,20181214,101508,1123.340000000,1997
RTSI,0,20181214,101509,1123.330000000,461
RTSI,0,20181214,101510,1123.340000000,11432
RTSI,0,20181214,101511,1123.260000000,31518
RTSI,0,20181214,101512,1123.310000000,29744
RTSI,0,20181214,101513,1123.260000000,13132
RTSI,0,20181214,101514,1123.330000000,13767
RTSI,0,20181214,101515,1123.370000000,3372
RTSI,0,20181214,101516,1123.420000000,10220
RTSI,0,20181214,101517,1123.350000000,12994
RTSI,0,20181214,101518,1123.380000000,9408
RTSI,0,20181214,101519,1123.390000000,1133
RTSI,0,20181214,101520,1123.460000000,34225
RTSI,0,20181214,101521,1123.470000000,3285
RTSI,0,20181214,101522,1123.440000000,18651
RTSI,0,20181214,101523,1123.420000000,35568
RTSI,0,20181214,101524,1123.470000000,2796
RTSI,0,20181214,101525,1123.400000000,3226
RTSI,0,20181214,101526,1123.460000000,4365
RTSI,0,20181214,101527,1123.400000000,982
RTSI,0,20181214,101528,1123.410000000,1646
RTSI,0,20181214,101529,1123.470000000,93
RTSI,0,20181214,101530,1123.470000000,2556
RTSI,0,20181214,101531,1123.460000000,60
RTSI,0,20181214,101532,1123.390000000,14141
RTSI,0,20181214,101533,1123.410000000,6199
RTSI,0,20181214,101534,1123.440000000,26198
RTSI,0,20181214,101535,1123.370000000,19788
RTSI,0,20181214,101536,1123.370000000,14
RTSI,0,20181214,101537,1123.390000000,11410
RTSI,0,20181214,101538,1123.390000000,0
RTSI,0,20181214,101539,1123.370000000,18255
RTSI,0,20181214,101540,1123.320000000,32736
RTSI,0,20181214,101541,1123.350000000,2886
RTSI,0,20181214,101542,1123.320000000,3303
RTSI,0,20181214,101543,1123.390000000,8555
RTSI,0,20181214,101544,1123.360000000,4650
RTSI,0,20181214,101545,1123.460000000,10946
RTSI,0,20181214,101546,1123.450000000,45
RTSI,0,20181214,101547,1123.450000000,0
RTSI,0,20181214,101548,1123.460000000,887
RTSI,0,20181214,101549,1123.460000000,14081
RTSI,0,20181214,101550,1123.440000000,7247
RTSI,0,20181214,101551,1123.400000000,27849
RTSI,0,20181214,101552,1123.400000000,723
RTSI,0,20181214,101553,1123.470000000,32635
RTSI,0,20181214,101554,1123.470000000,2876
RTSI,0,20181214,101555,1123.530000000,76925
RTSI,0,20181214,101556,1123.520000000,1248
RTSI,0,20181214,101557,1123.640000000,17112
RTSI,0,20181214,101558,1123.650000000,12999
RTSI,0,20181214,101559,1123.590000000,24416
RTSI,0,20181214,101600,1123.590000000,0
RTSI,0,20181214,101601,1123.600000000,139
RTSI,0,20181214,101602,1123.620000000,5441
RTSI,0,20181214,101603,1123.620000000,50
RTSI,0,20181214,101604,1123.630000000,6333
RTSI,0,20181214,101605,1123.580000000,4050
RTSI,0,20181214,101606,1123.570000000,7807
RTSI,0,20181214,101607,1123.640000000,3296
RTSI,0,20181214,101608,1123.700000000,256
RTSI,0,20181214,101609,1123.680000000,8448
RTSI,0,20181214,101610,1123.650000000,11980
RTSI,0,20181214,101611,1123.690000000,17094
RTSI,0,20181214,101612,1123.710000000,2972
RTSI,0,20181214,101613,1123.700000000,5316
RTSI,0,20181214,101614,1123.680000000,9965
RTSI,0,20181214,101615,1123.660000000,170892
RTSI,0,20181214,101616,1123.720000000,309
RTSI,0,20181214,101617,1123.720000000,14724
RTSI,0,20181214,101618,1123.640000000,1111
RTSI,0,20181214,101619,1123.630000000,2656
RTSI,0,20181214,101620,1123.640000000,417
RTSI,0,20181214,101621,1123.700000000,14518
RTSI,0,20181214,101622,1123.650000000,5376
RTSI,0,20181214,101623,1123.750000000,4826
RTSI,0,20181214,101624,1123.830000000,3403
RTSI,0,20181214,101625,1123.770000000,7439
RTSI,0,20181214,101626,1123.820000000,1557
RTSI,0,20181214,101627,1123.700000000,236727
RTSI,0,20181214,101628,1123.340000000,1061638
RTSI,0,20181214,101629,1123.350000000,272386
RTSI,0,20181214,101630,1123.480000000,65844
RTSI,0,20181214,101631,1123.480000000,36035
RTSI,0,20181214,101632,1123.440000000,19716
RTSI,0,20181214,101633,1123.360000000,34594
RTSI,0,20181214,101634,1123.420000000,37084
RTSI,0,20181214,101635,1123.440000000,34145
RTSI,0,20181214,101636,1123.440000000,23198
RTSI,0,20181214,101637,1123.530000000,5961
RTSI,0,20181214,101638,1123.450000000,11167
RTSI,0,20181214,101639,1123.530000000,6303
RTSI,0,20181214,101640,1123.520000000,1348
RTSI,0,20181214,101641,1123.500000000,41108
RTSI,0,20181214,101642,1123.470000000,34779
RTSI,0,20181214,101643,1123.480000000,11261
RTSI,0,20181214,101644,1123.430000000,6547
RTSI,0,20181214,101645,1123.480000000,23122
RTSI,0,20181214,101646,1123.410000000,8594
RTSI,0,20181214,101647,1123.340000000,4687
RTSI,0,20181214,101648,1123.350000000,2011
RTSI,0,20181214,101649,1123.360000000,6021
RTSI,0,20181214,101650,1123.400000000,2800
RTSI,0,20181214,101651,1123.460000000,3708
RTSI,0,20181214,101652,1123.470000000,18481
RTSI,0,20181214,101653,1123.480000000,658
RTSI,0,20181214,101654,1123.430000000,355
RTSI,0,20181214,101655,1123.430000000,14085
RTSI,0,20181214,101656,1123.430000000,4975
RTSI,0,20181214,101657,1123.430000000,14746
RTSI,0,20181214,101658,1123.450000000,2731
RTSI,0,20181214,101659,1123.450000000,12025
RTSI,0,20181214,101700,1123.460000000,5192
RTSI,0,20181214,101701,1123.490000000,9997
RTSI,0,20181214,101702,1123.420000000,21849
RTSI,0,20181214,101703,1123.410000000,3565
RTSI,0,20181214,101704,1123.400000000,1621
RTSI,0,20181214,101705,1123.530000000,145091
RTSI,0,20181214,101706,1123.510000000,1669
RTSI,0,20181214,101707,1123.530000000,30881
RTSI,0,20181214,101708,1123.330000000,11897
RTSI,0,20181214,101709,1123.320000000,30935
RTSI,0,20181214,101710,1123.360000000,726
RTSI,0,20181214,101711,1123.350000000,2016
RTSI,0,20181214,101712,1123.340000000,8608
RTSI,0,20181214,101713,1123.340000000,13537
RTSI,0,20181214,101714,1123.360000000,6323
RTSI,0,20181214,101715,1123.390000000,1273
RTSI,0,20181214,101716,1123.400000000,21058
RTSI,0,20181214,101717,1123.540000000,16768
RTSI,0,20181214,101718,1123.500000000,335
RTSI,0,20181214,101719,1123.520000000,3546
RTSI,0,20181214,101720,1123.430000000,12042
RTSI,0,20181214,101721,1123.430000000,481
RTSI,0,20181214,101722,1123.430000000,1586
RTSI,0,20181214,101723,1123.430000000,19088
RTSI,0,20181214,101724,1123.430000000,4619
RTSI,0,20181214,101725,1123.450000000,27614
RTSI,0,20181214,101726,1123.500000000,14252
RTSI,0,20181214,101727,1123.500000000,5723
RTSI,0,20181214,101728,1123.510000000,58
RTSI,0,20181214,101729,1123.530000000,5322
RTSI,0,20181214,101730,1123.460000000,26933
RTSI,0,20181214,101731,1123.610000000,14991
RTSI,0,20181214,101732,1123.560000000,2920
RTSI,0,20181214,101733,1123.670000000,60350
RTSI,0,20181214,101734,1123.680000000,12544
RTSI,0,20181214,101735,1123.720000000,168
RTSI,0,20181214,101736,1123.680000000,3025
RTSI,0,20181214,101737,1123.680000000,31
RTSI,0,20181214,101738,1123.680000000,11457
RTSI,0,20181214,101739,1123.750000000,759
RTSI,0,20181214,101740,1123.720000000,176
RTSI,0,20181214,101741,1123.720000000,9014
RTSI,0,20181214,101742,1123.670000000,6780
RTSI,0,20181214,101743,1123.780000000,10869
RTSI,0,20181214,101744,1123.680000000,619
RTSI,0,20181214,101745,1123.780000000,34250
RTSI,0,20181214,101746,1123.830000000,2016
RTSI,0,20181214,101747,1123.780000000,12220
RTSI,0,20181214,101748,1123.770000000,1731
RTSI,0,20181214,101749,1123.900000000,12728
RTSI,0,20181214,101750,1123.900000000,201
RTSI,0,20181214,101751,1123.820000000,11301
RTSI,0,20181214,101752,1123.770000000,5396
RTSI,0,20181214,101753,1123.840000000,28429
RTSI,0,20181214,101754,1123.780000000,16286
RTSI,0,20181214,101755,1123.900000000,2286
RTSI,0,20181214,101756,1123.900000000,200
RTSI,0,20181214,101757,1123.900000000,2020
RTSI,0,20181214,101758,1123.880000000,8430
RTSI,0,20181214,101759,1123.820000000,1003
RTSI,0,20181214,101800,1123.830000000,29
RTSI,0,20181214,101801,1123.880000000,485
RTSI,0,20181214,101802,1123.880000000,15894
RTSI,0,20181214,101803,1123.970000000,18836
RTSI,0,20181214,101804,1123.970000000,32
RTSI,0,20181214,101805,1123.920000000,14228
RTSI,0,20181214,101806,1123.890000000,2605
RTSI,0,20181214,101807,1123.970000000,54214
RTSI,0,20181214,101808,1123.930000000,3903
RTSI,0,20181214,101809,1123.940000000,5846
RTSI,0,20181214,101810,1123.940000000,1298
RTSI,0,20181214,101811,1123.870000000,2602
RTSI,0,20181214,101812,1123.870000000,3500
RTSI,0,20181214,101813,1123.980000000,29946
RTSI,0,20181214,101814,1124.000000000,5163
RTSI,0,20181214,101815,1123.970000000,4409
RTSI,0,20181214,101816,1123.960000000,6365
RTSI,0,20181214,101817,1123.960000000,815
RTSI,0,20181214,101818,1123.950000000,637
RTSI,0,20181214,101819,1123.930000000,219
RTSI,0,20181214,101820,1123.890000000,127
RTSI,0,20181214,101821,1123.910000000,2408
RTSI,0,20181214,101822,1123.940000000,395
RTSI,0,20181214,101823,1123.930000000,11397
RTSI,0,20181214,101824,1123.940000000,1153
RTSI,0,20181214,101825,1123.930000000,26842
RTSI,0,20181214,101826,1123.930000000,0
RTSI,0,20181214,101827,1123.990000000,5516
RTSI,0,20181214,101828,1123.980000000,0
RTSI,0,20181214,101829,1123.980000000,5294
RTSI,0,20181214,101830,1124.030000000,6104
RTSI,0,20181214,101831,1124.030000000,0
RTSI,0,20181214,101832,1124.050000000,5126
RTSI,0,20181214,101833,1124.030000000,276
RTSI,0,20181214,101834,1124.040000000,8496
RTSI,0,20181214,101835,1124.040000000,30
RTSI,0,20181214,101836,1124.050000000,2846
RTSI,0,20181214,101837,1124.050000000,135
RTSI,0,20181214,101838,1123.990000000,5871
RTSI,0,20181214,101839,1124.000000000,3117
RTSI,0,20181214,101840,1124.060000000,441
RTSI,0,20181214,101841,1124.040000000,1299
RTSI,0,20181214,101842,1124.060000000,2858
RTSI,0,20181214,101843,1124.060000000,16759
RTSI,0,20181214,101844,1124.030000000,5426
RTSI,0,20181214,101845,1123.990000000,4312
RTSI,0,20181214,101846,1124.060000000,2858
RTSI,0,20181214,101847,1124.070000000,31740
RTSI,0,20181214,101848,1124.060000000,12291
RTSI,0,20181214,101849,1124.050000000,2250
RTSI,0,20181214,101850,1124.040000000,3209
RTSI,0,20181214,101851,1124.040000000,16444
RTSI,0,20181214,101852,1124.040000000,11479
RTSI,0,20181214,101853,1124.010000000,567
RTSI,0,20181214,101854,1124.080000000,2835
RTSI,0,20181214,101855,1124.090000000,14798
RTSI,0,20181214,101856,1124.000000000,1911
RTSI,0,20181214,101857,1123.980000000,2976
RTSI,0,20181214,101858,1124.030000000,13782
RTSI,0,20181214,101859,1124.040000000,4701
RTSI,0,20181214,101900,1124.040000000,5787
RTSI,0,20181214,101901,1123.970000000,60839
RTSI,0,20181214,101902,1123.960000000,50867
RTSI,0,20181214,101903,1123.970000000,84
RTSI,0,20181214,101904,1123.960000000,21
RTSI,0,20181214,101905,1123.790000000,187779
RTSI,0,20181214,101906,1123.820000000,98650
RTSI,0,20181214,101907,1123.820000000,9941
RTSI,0,20181214,101908,1123.790000000,3235
RTSI,0,20181214,101909,1123.800000000,0
RTSI,0,20181214,101910,1123.780000000,6655
RTSI,0,20181214,101911,1123.670000000,8332
RTSI,0,20181214,101912,1123.530000000,15753
RTSI,0,20181214,101913,1123.500000000,518
RTSI,0,20181214,101914,1123.550000000,3794
RTSI,0,20181214,101915,1123.490000000,7680
RTSI,0,20181214,101916,1123.510000000,5223
RTSI,0,20181214,101917,1123.410000000,44386
RTSI,0,20181214,101918,1123.340000000,23090
RTSI,0,20181214,101919,1123.380000000,27272
RTSI,0,20181214,101920,1123.290000000,224
RTSI,0,20181214,101921,1123.290000000,1171
RTSI,0,20181214,101922,1123.360000000,19141
RTSI,0,20181214,101923,1123.330000000,80
RTSI,0,20181214,101924,1123.360000000,5458
RTSI,0,20181214,101925,1123.280000000,12878
RTSI,0,20181214,101926,1123.380000000,1588
RTSI,0,20181214,101927,1123.360000000,1747
RTSI,0,20181214,101928,1123.360000000,0
RTSI,0,20181214,101929,1123.290000000,51707
RTSI,0,20181214,101930,1123.460000000,65275
RTSI,0,20181214,101931,1123.450000000,38
RTSI,0,20181214,101932,1123.450000000,0
RTSI,0,20181214,101933,1123.400000000,811
RTSI,0,20181214,101934,1123.400000000,0
RTSI,0,20181214,101935,1123.390000000,2601
RTSI,0,20181214,101936,1123.340000000,1203
RTSI,0,20181214,101937,1123.340000000,63
RTSI,0,20181214,101938,1123.400000000,14639
RTSI,0,20181214,101939,1123.360000000,8234
RTSI,0,20181214,101940,1123.360000000,3598
RTSI,0,20181214,101941,1123.380000000,545
RTSI,0,20181214,101942,1123.380000000,1021
RTSI,0,20181214,101943,1123.380000000,13575
RTSI,0,20181214,101944,1123.380000000,5632
RTSI,0,20181214,101945,1123.370000000,264
RTSI,0,20181214,101946,1123.370000000,5754
RTSI,0,20181214,101947,1123.390000000,3607
RTSI,0,20181214,101948,1123.440000000,6104
RTSI,0,20181214,101949,1123.420000000,439
RTSI,0,20181214,101950,1123.390000000,1194
RTSI,0,20181214,101951,1123.390000000,0
RTSI,0,20181214,101952,1123.400000000,461
RTSI,0,20181214,101953,1123.390000000,2247
RTSI,0,20181214,101954,1123.400000000,688
RTSI,0,20181214,101955,1123.390000000,2329
RTSI,0,20181214,101956,1123.370000000,3072
RTSI,0,20181214,101957,1123.140000000,71961
RTSI,0,20181214,101958,1123.140000000,37756
RTSI,0,20181214,101959,1123.140000000,0
RTSI,0,20181214,102000,1123.200000000,0
RTSI,0,20181214,102001,1123.100000000,7329
RTSI,0,20181214,102002,1123.100000000,10284
RTSI,0,20181214,102003,1123.110000000,17764
RTSI,0,20181214,102004,1123.130000000,5644
RTSI,0,20181214,102005,1123.110000000,10173
RTSI,0,20181214,102006,1123.140000000,4119
RTSI,0,20181214,102007,1123.140000000,0
RTSI,0,20181214,102008,1123.180000000,4841
RTSI,0,20181214,102009,1123.140000000,0
RTSI,0,20181214,102010,1123.140000000,237
RTSI,0,20181214,102011,1123.130000000,0
RTSI,0,20181214,102012,1123.080000000,6484
RTSI,0,20181214,102013,1123.060000000,20887
RTSI,0,20181214,102014,1123.080000000,14375
RTSI,0,20181214,102015,1123.070000000,25089
RTSI,0,20181214,102016,1123.090000000,4912
RTSI,0,20181214,102017,1123.090000000,24
RTSI,0,20181214,102018,1123.090000000,67714
RTSI,0,20181214,102019,1123.090000000,148
RTSI,0,20181214,102020,1123.130000000,4263
RTSI,0,20181214,102021,1123.030000000,89902
RTSI,0,20181214,102022,1122.990000000,41327
RTSI,0,20181214,102023,1123.000000000,2218
RTSI,0,20181214,102024,1123.010000000,11264
RTSI,0,20181214,102025,1122.990000000,403
RTSI,0,20181214,102026,1122.980000000,8662
RTSI,0,20181214,102027,1122.990000000,3965
RTSI,0,20181214,102028,1122.960000000,13827
RTSI,0,20181214,102029,1122.950000000,3872
RTSI,0,20181214,102030,1122.980000000,4441
RTSI,0,20181214,102031,1122.920000000,10017
RTSI,0,20181214,102032,1122.900000000,273
RTSI,0,20181214,102033,1122.940000000,6100
RTSI,0,20181214,102034,1122.940000000,14710
RTSI,0,20181214,102035,1122.940000000,1074
RTSI,0,20181214,102036,1122.940000000,2700
RTSI,0,20181214,102037,1122.890000000,36587
RTSI,0,20181214,102038,1122.960000000,5926
RTSI,0,20181214,102039,1123.010000000,668
RTSI,0,20181214,102040,1122.960000000,11885
RTSI,0,20181214,102041,1122.950000000,6779
RTSI,0,20181214,102042,1122.970000000,1401
RTSI,0,20181214,102043,1122.960000000,6404
RTSI,0,20181214,102044,1122.950000000,5528
RTSI,0,20181214,102045,1122.960000000,9862
RTSI,0,20181214,102046,1122.990000000,2343
RTSI,0,20181214,102047,1122.950000000,10914
RTSI,0,20181214,102048,1122.970000000,5408
RTSI,0,20181214,102049,1122.950000000,183
RTSI,0,20181214,102050,1122.960000000,1969
RTSI,0,20181214,102051,1122.950000000,0
RTSI,0,20181214,102052,1122.960000000,5338
RTSI,0,20181214,102053,1122.970000000,4030
RTSI,0,20181214,102054,1122.930000000,8668
RTSI,0,20181214,102055,1122.920000000,1734
RTSI,0,20181214,102056,1122.940000000,48364
RTSI,0,20181214,102057,1122.920000000,11665
RTSI,0,20181214,102058,1122.920000000,1032
RTSI,0,20181214,102059,1122.990000000,2828
RTSI,0,20181214,102100,1122.900000000,2326
RTSI,0,20181214,102101,1122.880000000,9273
RTSI,0,20181214,102102,1122.900000000,7483
RTSI,0,20181214,102103,1122.900000000,4471
RTSI,0,20181214,102104,1122.890000000,2158
RTSI,0,20181214,102105,1122.890000000,4360
RTSI,0,20181214,102106,1122.910000000,34629
RTSI,0,20181214,102107,1122.950000000,0
RTSI,0,20181214,102108,1122.940000000,1360
RTSI,0,20181214,102109,1122.860000000,3788
RTSI,0,20181214,102110,1122.690000000,34028
RTSI,0,20181214,102111,1122.800000000,7121
RTSI,0,20181214,102112,1122.820000000,1640
RTSI,0,20181214,102113,1122.820000000,50839
RTSI,0,20181214,102114,1122.760000000,23054
RTSI,0,20181214,102115,1122.790000000,3647
RTSI,0,20181214,102116,1122.800000000,2574
RTSI,0,20181214,102117,1122.790000000,887
RTSI,0,20181214,102118,1122.780000000,1478
RTSI,0,20181214,102119,1122.740000000,4801
RTSI,0,20181214,102120,1122.730000000,33004
RTSI,0,20181214,102121,1122.690000000,9780
RTSI,0,20181214,102122,1122.640000000,5628
RTSI,0,20181214,102123,1122.670000000,7991
RTSI,0,20181214,102124,1122.670000000,0
RTSI,0,20181214,102125,1122.680000000,39339
RTSI,0,20181214,102126,1122.680000000,159
RTSI,0,20181214,102127,1122.670000000,5611
RTSI,0,20181214,102128,1122.640000000,143
RTSI,0,20181214,102129,1122.740000000,9364
RTSI,0,20181214,102130,1122.630000000,15635
RTSI,0,20181214,102131,1122.680000000,25379
RTSI,0,20181214,102132,1122.550000000,47290
RTSI,0,20181214,102133,1122.670000000,7406
RTSI,0,20181214,102134,1122.630000000,10073
RTSI,0,20181214,102135,1122.610000000,14230
RTSI,0,20181214,102136,1122.690000000,15585
RTSI,0,20181214,102137,1122.700000000,3621
RTSI,0,20181214,102138,1122.640000000,5
RTSI,0,20181214,102139,1122.620000000,5640
RTSI,0,20181214,102140,1122.630000000,2885
RTSI,0,20181214,102141,1122.620000000,0
RTSI,0,20181214,102142,1122.600000000,7890
RTSI,0,20181214,102143,1122.640000000,3121
RTSI,0,20181214,102144,1122.600000000,1204
RTSI,0,20181214,102145,1122.600000000,0
RTSI,0,20181214,102146,1122.590000000,203022
RTSI,0,20181214,102147,1122.620000000,31234
RTSI,0,20181214,102148,1122.530000000,28265
RTSI,0,20181214,102149,1122.680000000,23202
RTSI,0,20181214,102150,1122.670000000,4933
RTSI,0,20181214,102151,1122.690000000,2999
RTSI,0,20181214,102152,1122.670000000,3600
RTSI,0,20181214,102153,1122.670000000,2398
RTSI,0,20181214,102154,1122.670000000,19446
RTSI,0,20181214,102155,1122.680000000,5483
RTSI,0,20181214,102156,1122.710000000,39743
RTSI,0,20181214,102157,1122.700000000,1572
RTSI,0,20181214,102158,1122.660000000,881
RTSI,0,20181214,102159,1122.610000000,10733
RTSI,0,20181214,102200,1122.670000000,660
RTSI,0,20181214,102201,1122.520000000,35500
RTSI,0,20181214,102202,1122.550000000,9244
RTSI,0,20181214,102203,1122.550000000,25577
RTSI,0,20181214,102204,1122.530000000,30896
RTSI,0,20181214,102205,1122.540000000,19802
RTSI,0,20181214,102206,1122.530000000,1374
RTSI,0,20181214,102207,1122.490000000,6978
RTSI,0,20181214,102208,1122.540000000,318
RTSI,0,20181214,102209,1122.570000000,5033
RTSI,0,20181214,102210,1122.510000000,46592
RTSI,0,20181214,102211,1122.520000000,39105
RTSI,0,20181214,102212,1122.430000000,262
RTSI,0,20181214,102213,1122.400000000,36883
RTSI,0,20181214,102214,1122.390000000,4638
RTSI,0,20181214,102215,1122.490000000,12531
RTSI,0,20181214,102216,1122.540000000,14747
RTSI,0,20181214,102217,1122.530000000,39349
RTSI,0,20181214,102218,1122.530000000,225
RTSI,0,20181214,102219,1122.540000000,5681
RTSI,0,20181214,102220,1122.430000000,26270
RTSI,0,20181214,102221,1122.470000000,9156
RTSI,0,20181214,102222,1122.420000000,2857
RTSI,0,20181214,102223,1122.470000000,6361
RTSI,0,20181214,102224,1122.480000000,264
RTSI,0,20181214,102225,1122.480000000,3561
RTSI,0,20181214,102226,1122.480000000,45
RTSI,0,20181214,102227,1122.510000000,2283
RTSI,0,20181214,102228,1122.510000000,29006
RTSI,0,20181214,102229,1122.460000000,14376
RTSI,0,20181214,102230,1122.500000000,26615
RTSI,0,20181214,102231,1122.430000000,84
RTSI,0,20181214,102232,1122.440000000,118
RTSI,0,20181214,102233,1122.440000000,724
RTSI,0,20181214,102234,1122.450000000,79
RTSI,0,20181214,102235,1122.530000000,565
RTSI,0,20181214,102236,1122.520000000,3878
RTSI,0,20181214,102237,1122.480000000,11896
RTSI,0,20181214,102238,1122.490000000,161
RTSI,0,20181214,102239,1122.490000000,55
RTSI,0,20181214,102240,1122.440000000,8030
RTSI,0,20181214,102241,1122.500000000,3276
RTSI,0,20181214,102242,1122.520000000,2092
RTSI,0,20181214,102243,1122.460000000,1534
RTSI,0,20181214,102244,1122.460000000,493
RTSI,0,20181214,102245,1122.470000000,3007
RTSI,0,20181214,102246,1122.480000000,55964
RTSI,0,20181214,102247,1122.440000000,58100
RTSI,0,20181214,102248,1122.440000000,5759
RTSI,0,20181214,102249,1122.370000000,22153
RTSI,0,20181214,102250,1122.380000000,21410
RTSI,0,20181214,102251,1122.380000000,21542
RTSI,0,20181214,102252,1122.420000000,2185
RTSI,0,20181214,102253,1122.410000000,9919
RTSI,0,20181214,102254,1122.440000000,3639
RTSI,0,20181214,102255,1122.370000000,9099
RTSI,0,20181214,102256,1122.270000000,54128
RTSI,0,20181214,102257,1122.280000000,72228
RTSI,0,20181214,102258,1122.290000000,46771
RTSI,0,20181214,102259,1122.300000000,13555
RTSI,0,20181214,102300,1122.300000000,30618
RTSI,0,20181214,102301,1122.180000000,71895
RTSI,0,20181214,102302,1122.180000000,3029
RTSI,0,20181214,102303,1122.220000000,14586
RTSI,0,20181214,102304,1122.220000000,8406
RTSI,0,20181214,102305,1122.270000000,7963
RTSI,0,20181214,102306,1122.210000000,32893
RTSI,0,20181214,102307,1122.190000000,24261
RTSI,0,20181214,102308,1122.090000000,6174
RTSI,0,20181214,102309,1122.130000000,8416
RTSI,0,20181214,102310,1122.040000000,30034
RTSI,0,20181214,102311,1122.020000000,49943
RTSI,0,20181214,102312,1121.980000000,66116
RTSI,0,20181214,102313,1122.020000000,36917
RTSI,0,20181214,102314,1121.950000000,35888
RTSI,0,20181214,102315,1121.860000000,54894
RTSI,0,20181214,102316,1121.850000000,7123
RTSI,0,20181214,102317,1121.830000000,9083
RTSI,0,20181214,102318,1121.890000000,6088
RTSI,0,20181214,102319,1121.810000000,45582
RTSI,0,20181214,102320,1121.850000000,17306
RTSI,0,20181214,102321,1121.810000000,324
RTSI,0,20181214,102322,1121.780000000,70544
RTSI,0,20181214,102323,1121.780000000,8018
RTSI,0,20181214,102324,1121.790000000,54127
RTSI,0,20181214,102325,1121.750000000,63851
RTSI,0,20181214,102326,1121.750000000,14258
RTSI,0,20181214,102327,1121.730000000,34746
RTSI,0,20181214,102328,1121.670000000,63325
RTSI,0,20181214,102329,1121.740000000,7725
RTSI,0,20181214,102330,1121.760000000,3696
RTSI,0,20181214,102331,1121.670000000,129496
RTSI,0,20181214,102332,1121.600000000,6578
RTSI,0,20181214,102333,1121.660000000,10760
RTSI,0,20181214,102334,1121.520000000,49879
RTSI,0,20181214,102335,1121.510000000,118064
RTSI,0,20181214,102336,1121.490000000,22870
RTSI,0,20181214,102337,1121.490000000,11036
RTSI,0,20181214,102338,1121.440000000,1135
RTSI,0,20181214,102339,1121.420000000,23653
RTSI,0,20181214,102340,1121.480000000,35502
RTSI,0,20181214,102341,1121.510000000,2482
RTSI,0,20181214,102342,1121.560000000,145798
RTSI,0,20181214,102343,1121.580000000,6902
RTSI,0,20181214,102344,1121.570000000,14005
RTSI,0,20181214,102345,1121.490000000,44649
RTSI,0,20181214,102346,1121.510000000,14541
RTSI,0,20181214,102347,1121.470000000,5272
RTSI,0,20181214,102348,1121.410000000,16115
RTSI,0,20181214,102349,1121.390000000,15651
RTSI,0,20181214,102350,1121.440000000,2333
RTSI,0,20181214,102351,1121.400000000,22623
RTSI,0,20181214,102352,1121.450000000,5406
RTSI,0,20181214,102353,1121.480000000,11873
RTSI,0,20181214,102354,1121.440000000,5509
RTSI,0,20181214,102355,1121.490000000,34653
RTSI,0,20181214,102356,1121.420000000,34392
RTSI,0,20181214,102357,1121.470000000,28011
RTSI,0,20181214,102358,1121.470000000,103
RTSI,0,20181214,102359,1121.480000000,142
RTSI,0,20181214,102400,1121.480000000,26842
RTSI,0,20181214,102401,1121.480000000,2853
RTSI,0,20181214,102402,1121.500000000,4064
RTSI,0,20181214,102403,1121.490000000,42394
RTSI,0,20181214,102404,1121.430000000,48345
RTSI,0,20181214,102405,1121.430000000,44627
RTSI,0,20181214,102406,1121.470000000,12962
RTSI,0,20181214,102407,1121.380000000,1562
RTSI,0,20181214,102408,1121.420000000,6076
RTSI,0,20181214,102409,1121.370000000,1535
RTSI,0,20181214,102410,1121.450000000,139164
RTSI,0,20181214,102411,1121.530000000,1064
RTSI,0,20181214,102412,1121.530000000,6905
RTSI,0,20181214,102413,1121.490000000,2563
RTSI,0,20181214,102414,1121.510000000,5323
RTSI,0,20181214,102415,1121.510000000,628
RTSI,0,20181214,102416,1121.500000000,70468
RTSI,0,20181214,102417,1121.620000000,13533
RTSI,0,20181214,102418,1121.620000000,21032
RTSI,0,20181214,102419,1121.620000000,4126
RTSI,0,20181214,102420,1121.620000000,43259
RTSI,0,20181214,102421,1121.590000000,10360
RTSI,0,20181214,102422,1121.600000000,6380
RTSI,0,20181214,102423,1121.580000000,4691
RTSI,0,20181214,102424,1121.580000000,3310
RTSI,0,20181214,102425,1121.550000000,4658
RTSI,0,20181214,102426,1121.600000000,20532
RTSI,0,20181214,102427,1121.600000000,18117
RTSI,0,20181214,102428,1121.600000000,28421
RTSI,0,20181214,102429,1121.600000000,1585
RTSI,0,20181214,102430,1121.580000000,23013
RTSI,0,20181214,102431,1121.740000000,41148
RTSI,0,20181214,102432,1121.750000000,29557
RTSI,0,20181214,102433,1121.800000000,120788
RTSI,0,20181214,102434,1121.820000000,3160
RTSI,0,20181214,102435,1121.820000000,950
RTSI,0,20181214,102436,1121.830000000,44937
RTSI,0,20181214,102437,1121.840000000,46100
RTSI,0,20181214,102438,1121.760000000,7743
RTSI,0,20181214,102439,1121.730000000,8985
RTSI,0,20181214,102440,1121.810000000,7595
RTSI,0,20181214,102441,1121.790000000,3084
RTSI,0,20181214,102442,1121.830000000,5550
RTSI,0,20181214,102443,1121.830000000,6315
RTSI,0,20181214,102444,1121.890000000,2240
RTSI,0,20181214,102445,1121.870000000,2822
RTSI,0,20181214,102446,1121.870000000,169
RTSI,0,20181214,102447,1121.870000000,717
RTSI,0,20181214,102448,1121.870000000,23201
RTSI,0,20181214,102449,1121.870000000,6443
RTSI,0,20181214,102450,1121.810000000,5328
RTSI,0,20181214,102451,1121.900000000,28252
RTSI,0,20181214,102452,1121.800000000,273
RTSI,0,20181214,102453,1121.840000000,2154
RTSI,0,20181214,102454,1121.830000000,2768
RTSI,0,20181214,102455,1121.760000000,18261
RTSI,0,20181214,102456,1121.740000000,0
RTSI,0,20181214,102457,1121.650000000,84768
RTSI,0,20181214,102458,1121.750000000,2841
RTSI,0,20181214,102459,1121.760000000,3954
RTSI,0,20181214,102500,1121.760000000,22854
RTSI,0,20181214,102501,1121.560000000,72464
RTSI,0,20181214,102502,1121.540000000,12324
RTSI,0,20181214,102503,1121.450000000,14125
RTSI,0,20181214,102504,1121.490000000,2205
RTSI,0,20181214,102505,1121.510000000,5938
RTSI,0,20181214,102506,1121.480000000,1277
RTSI,0,20181214,102507,1121.500000000,9521
RTSI,0,20181214,102508,1121.560000000,4763
RTSI,0,20181214,102509,1121.560000000,2868
RTSI,0,20181214,102510,1121.560000000,1590
RTSI,0,20181214,102511,1121.560000000,4818
RTSI,0,20181214,102512,1121.570000000,44088
RTSI,0,20181214,102513,1121.580000000,969
RTSI,0,20181214,102514,1121.500000000,4971
RTSI,0,20181214,102515,1121.490000000,57083
RTSI,0,20181214,102516,1121.360000000,92190
RTSI,0,20181214,102517,1121.400000000,24809
RTSI,0,20181214,102518,1121.350000000,12998
RTSI,0,20181214,102519,1121.310000000,39232
RTSI,0,20181214,102520,1121.270000000,11066
RTSI,0,20181214,102521,1121.150000000,17950
RTSI,0,20181214,102522,1121.180000000,8535
RTSI,0,20181214,102523,1121.120000000,62280
RTSI,0,20181214,102524,1121.110000000,20281
RTSI,0,20181214,102525,1121.130000000,11588
RTSI,0,20181214,102526,1121.130000000,0
RTSI,0,20181214,102527,1121.050000000,6586
RTSI,0,20181214,102528,1121.050000000,8053
RTSI,0,20181214,102529,1120.580000000,79539
RTSI,0,20181214,102530,1119.780000000,613338
RTSI,0,20181214,102531,1119.770000000,169787
RTSI,0,20181214,102532,1119.680000000,82152
RTSI,0,20181214,102533,1119.610000000,13088
RTSI,0,20181214,102534,1119.670000000,49484
RTSI,0,20181214,102535,1119.670000000,22313
RTSI,0,20181214,102536,1119.650000000,7805
RTSI,0,20181214,102537,1119.630000000,204012
RTSI,0,20181214,102538,1119.630000000,28563
RTSI,0,20181214,102539,1119.650000000,15052
RTSI,0,20181214,102540,1119.660000000,4673
RTSI,0,20181214,102541,1119.690000000,13173
RTSI,0,20181214,102542,1119.690000000,11412
RTSI,0,20181214,102543,1119.690000000,208
RTSI,0,20181214,102544,1119.790000000,16349
RTSI,0,20181214,102545,1119.780000000,18419
RTSI,0,20181214,102546,1120.040000000,69751
RTSI,0,20181214,102547,1120.110000000,13455
RTSI,0,20181214,102548,1120.050000000,5402
RTSI,0,20181214,102549,1120.080000000,7878
RTSI,0,20181214,102550,1120.060000000,2830
RTSI,0,20181214,102551,1120.080000000,458
RTSI,0,20181214,102552,1120.090000000,4353
RTSI,0,20181214,102553,1120.220000000,21138
RTSI,0,20181214,102554,1120.130000000,30148
RTSI,0,20181214,102555,1120.020000000,145553
RTSI,0,20181214,102556,1120.050000000,29947
RTSI,0,20181214,102557,1120.140000000,27790
RTSI,0,20181214,102558,1120.040000000,5152
RTSI,0,20181214,102559,1120.070000000,2220
RTSI,0,20181214,102600,1120.190000000,7792
RTSI,0,20181214,102601,1120.200000000,11072
RTSI,0,20181214,102602,1120.190000000,3123
RTSI,0,20181214,102603,1120.270000000,4258
RTSI,0,20181214,102604,1120.340000000,1473
RTSI,0,20181214,102605,1120.290000000,7195
RTSI,0,20181214,102606,1120.280000000,186
RTSI,0,20181214,102607,1120.270000000,2922
RTSI,0,20181214,102608,1120.290000000,9156
RTSI,0,20181214,102609,1120.290000000,104
RTSI,0,20181214,102610,1120.240000000,6042
RTSI,0,20181214,102611,1120.230000000,10156
RTSI,0,20181214,102612,1120.260000000,1200
RTSI,0,20181214,102613,1120.230000000,7167
RTSI,0,20181214,102614,1120.230000000,4445
RTSI,0,20181214,102615,1120.240000000,4108
RTSI,0,20181214,102616,1120.260000000,154
RTSI,0,20181214,102617,1120.250000000,10152
RTSI,0,20181214,102618,1120.320000000,7145
RTSI,0,20181214,102619,1120.260000000,33534
RTSI,0,20181214,102620,1120.290000000,56
RTSI,0,20181214,102621,1120.370000000,624
RTSI,0,20181214,102622,1120.430000000,5737
RTSI,0,20181214,102623,1120.470000000,7672
RTSI,0,20181214,102624,1120.450000000,1321
RTSI,0,20181214,102625,1120.450000000,1926
RTSI,0,20181214,102626,1120.460000000,2280
RTSI,0,20181214,102627,1120.440000000,49375
RTSI,0,20181214,102628,1120.450000000,107
RTSI,0,20181214,102629,1120.480000000,5875
RTSI,0,20181214,102630,1120.340000000,26711
RTSI,0,20181214,102631,1120.290000000,29337
RTSI,0,20181214,102632,1120.320000000,10249
RTSI,0,20181214,102633,1120.510000000,10093
RTSI,0,20181214,102634,1120.630000000,34136
RTSI,0,20181214,102635,1120.510000000,10880
RTSI,0,20181214,102636,1120.480000000,28277
RTSI,0,20181214,102637,1120.610000000,11357
RTSI,0,20181214,102638,1120.630000000,133
RTSI,0,20181214,102639,1120.590000000,168
RTSI,0,20181214,102640,1120.470000000,34811
RTSI,0,20181214,102641,1120.460000000,6038
RTSI,0,20181214,102642,1120.540000000,22232
RTSI,0,20181214,102643,1120.550000000,5684
RTSI,0,20181214,102644,1120.580000000,272
RTSI,0,20181214,102645,1120.680000000,62788
RTSI,0,20181214,102646,1120.620000000,26276
RTSI,0,20181214,102647,1120.610000000,58815
RTSI,0,20181214,102648,1120.650000000,610
RTSI,0,20181214,102649,1120.650000000,748
RTSI,0,20181214,102650,1120.680000000,1180
RTSI,0,20181214,102651,1120.650000000,1638
RTSI,0,20181214,102652,1120.630000000,397
RTSI,0,20181214,102653,1120.630000000,22531
RTSI,0,20181214,102654,1120.510000000,60827
RTSI,0,20181214,102655,1120.650000000,159501
RTSI,0,20181214,102656,1120.640000000,5122
RTSI,0,20181214,102657,1120.590000000,28051
RTSI,0,20181214,102658,1120.520000000,11341
RTSI,0,20181214,102659,1120.500000000,4574
RTSI,0,20181214,102700,1120.550000000,34806
RTSI,0,20181214,102701,1120.550000000,593
RTSI,0,20181214,102702,1120.540000000,33473
RTSI,0,20181214,102703,1120.580000000,5893
RTSI,0,20181214,102704,1120.600000000,42005
RTSI,0,20181214,102705,1120.680000000,1785
RTSI,0,20181214,102706,1120.670000000,7830
RTSI,0,20181214,102707,1120.590000000,31424
RTSI,0,20181214,102708,1120.600000000,5120
RTSI,0,20181214,102709,1120.610000000,5088
RTSI,0,20181214,102710,1120.590000000,31367
RTSI,0,20181214,102711,1120.580000000,11185
RTSI,0,20181214,102712,1120.600000000,3098
RTSI,0,20181214,102713,1120.700000000,6689
RTSI,0,20181214,102714,1120.630000000,2784
RTSI,0,20181214,102715,1120.710000000,40249
RTSI,0,20181214,102716,1120.660000000,2393
RTSI,0,20181214,102717,1120.710000000,34706
RTSI,0,20181214,102718,1120.630000000,33215
RTSI,0,20181214,102719,1120.630000000,6879
RTSI,0,20181214,102720,1120.710000000,2868
RTSI,0,20181214,102721,1120.640000000,11676
RTSI,0,20181214,102722,1120.790000000,51087
RTSI,0,20181214,102723,1120.790000000,6337
RTSI,0,20181214,102724,1120.790000000,8961
RTSI,0,20181214,102725,1120.820000000,2416
RTSI,0,20181214,102726,1120.780000000,3331
RTSI,0,20181214,102727,1120.770000000,40811
RTSI,0,20181214,102728,1120.770000000,2962
RTSI,0,20181214,102729,1120.800000000,4277
RTSI,0,20181214,102730,1120.800000000,20145
RTSI,0,20181214,102731,1120.730000000,16708
RTSI,0,20181214,102732,1120.730000000,45
RTSI,0,20181214,102733,1120.810000000,6560
RTSI,0,20181214,102734,1120.820000000,183
RTSI,0,20181214,102735,1120.700000000,6478
RTSI,0,20181214,102736,1120.840000000,483
RTSI,0,20181214,102737,1120.850000000,2827
RTSI,0,20181214,102738,1120.880000000,10
RTSI,0,20181214,102739,1120.920000000,73524
RTSI,0,20181214,102740,1120.880000000,4913
RTSI,0,20181214,102741,1120.880000000,384
RTSI,0,20181214,102742,1120.880000000,186
RTSI,0,20181214,102743,1120.900000000,3907
RTSI,0,20181214,102744,1120.860000000,153
RTSI,0,20181214,102745,1120.860000000,2288
RTSI,0,20181214,102746,1120.920000000,11784
RTSI,0,20181214,102747,1120.910000000,3956
RTSI,0,20181214,102748,1120.870000000,514
RTSI,0,20181214,102749,1120.900000000,360
RTSI,0,20181214,102750,1120.940000000,3104
RTSI,0,20181214,102751,1121.140000000,137477
RTSI,0,20181214,102752,1121.180000000,7170
RTSI,0,20181214,102753,1121.240000000,24303
RTSI,0,20181214,102754,1121.250000000,506
RTSI,0,20181214,102755,1121.270000000,12025
RTSI,0,20181214,102756,1121.280000000,2744
RTSI,0,20181214,102757,1121.290000000,3119
RTSI,0,20181214,102758,1121.290000000,11606
RTSI,0,20181214,102759,1121.180000000,9041
RTSI,0,20181214,102800,1121.180000000,2802
RTSI,0,20181214,102801,1121.170000000,1757
RTSI,0,20181214,102802,1121.150000000,1862
RTSI,0,20181214,102803,1121.140000000,6256
RTSI,0,20181214,102804,1121.160000000,503
RTSI,0,20181214,102805,1121.160000000,24162
RTSI,0,20181214,102806,1121.140000000,12413
RTSI,0,20181214,102807,1121.170000000,1948
RTSI,0,20181214,102808,1121.170000000,419
RTSI,0,20181214,102809,1121.150000000,13297
RTSI,0,20181214,102810,1121.210000000,79
RTSI,0,20181214,102811,1121.060000000,22027
RTSI,0,20181214,102812,1121.040000000,8333
RTSI,0,20181214,102813,1121.010000000,2466
RTSI,0,20181214,102814,1120.980000000,4041
RTSI,0,20181214,102815,1121.030000000,10122
RTSI,0,20181214,102816,1121.030000000,51937
RTSI,0,20181214,102817,1121.050000000,3340
RTSI,0,20181214,102818,1121.130000000,6163
RTSI,0,20181214,102819,1121.090000000,32745
RTSI,0,20181214,102820,1121.100000000,3449
RTSI,0,20181214,102821,1121.110000000,394
RTSI,0,20181214,102822,1121.110000000,53
RTSI,0,20181214,102823,1121.100000000,165
RTSI,0,20181214,102824,1121.100000000,2465
RTSI,0,20181214,102825,1121.190000000,14513
RTSI,0,20181214,102826,1121.190000000,94
RTSI,0,20181214,102827,1121.250000000,16996
RTSI,0,20181214,102828,1121.320000000,112419
RTSI,0,20181214,102829,1121.280000000,251
RTSI,0,20181214,102830,1121.290000000,92
RTSI,0,20181214,102831,1121.280000000,421
RTSI,0,20181214,102832,1121.280000000,335
RTSI,0,20181214,102833,1121.340000000,14269
RTSI,0,20181214,102834,1121.300000000,591
RTSI,0,20181214,102835,1121.310000000,803
RTSI,0,20181214,102836,1121.410000000,8640
RTSI,0,20181214,102837,1121.380000000,1274
RTSI,0,20181214,102838,1121.390000000,4950
RTSI,0,20181214,102839,1121.410000000,4315
RTSI,0,20181214,102840,1121.480000000,5931
RTSI,0,20181214,102841,1121.460000000,1551
RTSI,0,20181214,102842,1121.420000000,2800
RTSI,0,20181214,102843,1121.480000000,4366
RTSI,0,20181214,102844,1121.490000000,139
RTSI,0,20181214,102845,1121.370000000,14199
RTSI,0,20181214,102846,1121.380000000,50233
RTSI,0,20181214,102847,1121.440000000,8942
RTSI,0,20181214,102848,1121.380000000,421
RTSI,0,20181214,102849,1121.460000000,2445
RTSI,0,20181214,102850,1121.470000000,185
RTSI,0,20181214,102851,1121.470000000,92
RTSI,0,20181214,102852,1121.470000000,1011
RTSI,0,20181214,102853,1121.460000000,2975
RTSI,0,20181214,102854,1121.420000000,12425
RTSI,0,20181214,102855,1121.480000000,1579
RTSI,0,20181214,102856,1121.460000000,6212
RTSI,0,20181214,102857,1121.450000000,617
RTSI,0,20181214,102858,1121.450000000,46
RTSI,0,20181214,102859,1121.460000000,4405
RTSI,0,20181214,102900,1121.460000000,105
RTSI,0,20181214,102901,1121.430000000,2260
RTSI,0,20181214,102902,1121.480000000,13680
RTSI,0,20181214,102903,1121.470000000,746
RTSI,0,20181214,102904,1121.500000000,5967
RTSI,0,20181214,102905,1121.510000000,920
RTSI,0,20181214,102906,1121.480000000,615
RTSI,0,20181214,102907,1121.510000000,199
RTSI,0,20181214,102908,1121.560000000,2872
RTSI,0,20181214,102909,1121.550000000,1932
RTSI,0,20181214,102910,1121.590000000,36533
RTSI,0,20181214,102911,1121.600000000,337
RTSI,0,20181214,102912,1121.600000000,68
RTSI,0,20181214,102913,1121.570000000,6021
RTSI,0,20181214,102914,1121.590000000,1475
RTSI,0,20181214,102915,1121.600000000,88
RTSI,0,20181214,102916,1121.520000000,11308
RTSI,0,20181214,102917,1121.510000000,506
RTSI,0,20181214,102918,1121.550000000,9265
RTSI,0,20181214,102919,1121.510000000,2052
RTSI,0,20181214,102920,1121.500000000,0
RTSI,0,20181214,102921,1121.500000000,731
RTSI,0,20181214,102922,1121.480000000,66837
RTSI,0,20181214,102923,1121.490000000,651
RTSI,0,20181214,102924,1121.470000000,13668
RTSI,0,20181214,102925,1121.480000000,1139
RTSI,0,20181214,102926,1121.480000000,112
RTSI,0,20181214,102927,1121.510000000,148
RTSI,0,20181214,102928,1121.500000000,1700
RTSI,0,20181214,102929,1121.470000000,1715
RTSI,0,20181214,102930,1121.470000000,454
RTSI,0,20181214,102931,1121.470000000,0
RTSI,0,20181214,102932,1121.440000000,3329
RTSI,0,20181214,102933,1121.360000000,6562
RTSI,0,20181214,102934,1121.370000000,16478
RTSI,0,20181214,102935,1121.340000000,627
RTSI,0,20181214,102936,1121.350000000,6863
RTSI,0,20181214,102937,1121.350000000,0
RTSI,0,20181214,102938,1121.370000000,8744
RTSI,0,20181214,102939,1121.350000000,2728
RTSI,0,20181214,102940,1121.280000000,6122
RTSI,0,20181214,102941,1121.280000000,76
RTSI,0,20181214,102942,1121.260000000,1933
RTSI,0,20181214,102943,1121.300000000,1225
RTSI,0,20181214,102944,1121.280000000,958
RTSI,0,20181214,102945,1121.280000000,286
RTSI,0,20181214,102946,1121.280000000,269
RTSI,0,20181214,102947,1121.280000000,13242
RTSI,0,20181214,102948,1121.290000000,2877
RTSI,0,20181214,102949,1121.280000000,400
RTSI,0,20181214,102950,1121.290000000,13543
RTSI,0,20181214,102951,1121.290000000,0
RTSI,0,20181214,102952,1121.270000000,711
RTSI,0,20181214,102953,1121.210000000,90478
RTSI,0,20181214,102954,1121.190000000,44117
RTSI,0,20181214,102955,1121.190000000,4639
RTSI,0,20181214,102956,1121.230000000,87485
RTSI,0,20181214,102957,1121.230000000,1722
RTSI,0,20181214,102958,1121.230000000,141
RTSI,0,20181214,102959,1121.230000000,4215
RTSI,0,20181214,103000,1121.230000000,0
RTSI,0,20181214,103001,1121.210000000,27429
RTSI,0,20181214,103002,1121.190000000,11639
RTSI,0,20181214,103003,1121.160000000,37895
RTSI,0,20181214,103004,1121.130000000,2800
RTSI,0,20181214,103005,1121.120000000,7528
RTSI,0,20181214,103006,1121.080000000,2179
RTSI,0,20181214,103007,1121.150000000,3541
RTSI,0,20181214,103008,1121.120000000,0
RTSI,0,20181214,103009,1121.110000000,3470
RTSI,0,20181214,103010,1121.080000000,14645
RTSI,0,20181214,103011,1121.110000000,2876
RTSI,0,20181214,103012,1121.110000000,17
RTSI,0,20181214,103013,1121.070000000,35286
RTSI,0,20181214,103014,1121.100000000,0
RTSI,0,20181214,103015,1121.040000000,6735
RTSI,0,20181214,103016,1121.040000000,46
RTSI,0,20181214,103017,1121.030000000,2128
RTSI,0,20181214,103018,1121.060000000,1959
RTSI,0,20181214,103019,1121.050000000,767
RTSI,0,20181214,103020,1121.020000000,26711
RTSI,0,20181214,103021,1120.980000000,1683
RTSI,0,20181214,103022,1121.010000000,5218
RTSI,0,20181214,103023,1121.010000000,3883
RTSI,0,20181214,103024,1121.010000000,3217
RTSI,0,20181214,103025,1121.030000000,753
RTSI,0,20181214,103026,1121.020000000,4248
RTSI,0,20181214,103027,1121.020000000,755
RTSI,0,20181214,103028,1121.000000000,2507
RTSI,0,20181214,103029,1120.990000000,6498
RTSI,0,20181214,103030,1120.990000000,47
RTSI,0,20181214,103031,1120.990000000,635
RTSI,0,20181214,103032,1121.000000000,3386
RTSI,0,20181214,103033,1121.030000000,1609
RTSI,0,20181214,103034,1121.030000000,639
RTSI,0,20181214,103035,1121.050000000,8924
RTSI,0,20181214,103036,1121.040000000,288
RTSI,0,20181214,103037,1121.020000000,5716
RTSI,0,20181214,103038,1121.150000000,121984
RTSI,0,20181214,103039,1121.200000000,3387
RTSI,0,20181214,103040,1121.190000000,825
RTSI,0,20181214,103041,1121.190000000,12432
RTSI,0,20181214,103042,1121.250000000,9659
RTSI,0,20181214,103043,1121.300000000,16672
RTSI,0,20181214,103044,1121.230000000,5997
RTSI,0,20181214,103045,1121.270000000,8186
RTSI,0,20181214,103046,1121.290000000,469
RTSI,0,20181214,103047,1121.300000000,4608
RTSI,0,20181214,103048,1121.290000000,3316
RTSI,0,20181214,103049,1121.280000000,4604
RTSI,0,20181214,103050,1121.290000000,5688
RTSI,0,20181214,103051,1121.330000000,23855
RTSI,0,20181214,103052,1121.270000000,3590
RTSI,0,20181214,103053,1121.200000000,16361
RTSI,0,20181214,103054,1121.220000000,4792
RTSI,0,20181214,103055,1121.210000000,4966
RTSI,0,20181214,103056,1121.210000000,0
RTSI,0,20181214,103057,1121.160000000,226
RTSI,0,20181214,103058,1121.190000000,7988
RTSI,0,20181214,103059,1121.250000000,3208
RTSI,0,20181214,103100,1121.180000000,1236
RTSI,0,20181214,103101,1121.250000000,487
RTSI,0,20181214,103102,1121.160000000,1150
RTSI,0,20181214,103103,1121.140000000,390
RTSI,0,20181214,103104,1121.140000000,96
RTSI,0,20181214,103105,1121.180000000,711
RTSI,0,20181214,103106,1121.260000000,3476
RTSI,0,20181214,103107,1121.170000000,11277
RTSI,0,20181214,103108,1121.100000000,29155
RTSI,0,20181214,103109,1121.100000000,8312
RTSI,0,20181214,103110,1121.110000000,3594
RTSI,0,20181214,103111,1121.100000000,2135
RTSI,0,20181214,103112,1121.110000000,1281
RTSI,0,20181214,103113,1121.090000000,8231
RTSI,0,20181214,103114,1121.100000000,7486
RTSI,0,20181214,103115,1121.120000000,3160
RTSI,0,20181214,103116,1121.110000000,2317
RTSI,0,20181214,103117,1121.120000000,4137
RTSI,0,20181214,103118,1121.110000000,786
RTSI,0,20181214,103119,1121.110000000,143
RTSI,0,20181214,103120,1121.190000000,10759
RTSI,0,20181214,103121,1121.200000000,149
RTSI,0,20181214,103122,1121.210000000,3361
RTSI,0,20181214,103123,1121.230000000,1623
RTSI,0,20181214,103124,1121.180000000,6014
RTSI,0,20181214,103125,1121.200000000,4952
RTSI,0,20181214,103126,1121.250000000,22629
RTSI,0,20181214,103127,1121.220000000,67293
RTSI,0,20181214,103128,1121.230000000,575
RTSI,0,20181214,103129,1121.270000000,9316
RTSI,0,20181214,103130,1121.240000000,7236
RTSI,0,20181214,103131,1121.280000000,281
RTSI,0,20181214,103132,1121.260000000,1604
RTSI,0,20181214,103133,1121.220000000,1312
RTSI,0,20181214,103134,1121.220000000,54179
RTSI,0,20181214,103135,1121.250000000,4566
RTSI,0,20181214,103136,1121.250000000,28994
RTSI,0,20181214,103137,1121.280000000,98216
RTSI,0,20181214,103138,1121.330000000,48235
RTSI,0,20181214,103139,1121.360000000,12151
RTSI,0,20181214,103140,1121.300000000,6196
RTSI,0,20181214,103141,1121.350000000,8428
RTSI,0,20181214,103142,1121.320000000,2175
RTSI,0,20181214,103143,1121.330000000,807
RTSI,0,20181214,103144,1121.350000000,23734
RTSI,0,20181214,103145,1121.390000000,26879
RTSI,0,20181214,103146,1121.370000000,18320
RTSI,0,20181214,103147,1121.410000000,7223
RTSI,0,20181214,103148,1121.570000000,96890
RTSI,0,20181214,103149,1121.490000000,27336
RTSI,0,20181214,103150,1121.500000000,26694
RTSI,0,20181214,103151,1121.500000000,57292
RTSI,0,20181214,103152,1121.480000000,47229
RTSI,0,20181214,103153,1121.490000000,11132
RTSI,0,20181214,103154,1121.510000000,2549
RTSI,0,20181214,103155,1121.530000000,16722
RTSI,0,20181214,103156,1121.530000000,4911
RTSI,0,20181214,103157,1121.540000000,274
RTSI,0,20181214,103158,1121.540000000,291
RTSI,0,20181214,103159,1121.560000000,2868
RTSI,0,20181214,103200,1121.570000000,2255
RTSI,0,20181214,103201,1121.590000000,224
RTSI,0,20181214,103202,1121.660000000,3011
RTSI,0,20181214,103203,1121.660000000,160
RTSI,0,20181214,103204,1121.660000000,6430
RTSI,0,20181214,103205,1121.650000000,7397
RTSI,0,20181214,103206,1121.760000000,12253
RTSI,0,20181214,103207,1121.770000000,3671
RTSI,0,20181214,103208,1121.750000000,28518
RTSI,0,20181214,103209,1121.740000000,12004
RTSI,0,20181214,103210,1121.780000000,2769
RTSI,0,20181214,103211,1121.770000000,742
RTSI,0,20181214,103212,1121.640000000,36432
RTSI,0,20181214,103213,1121.650000000,1207
RTSI,0,20181214,103214,1121.650000000,28524
RTSI,0,20181214,103215,1121.660000000,2248
RTSI,0,20181214,103216,1121.580000000,37867
RTSI,0,20181214,103217,1121.580000000,1377
RTSI,0,20181214,103218,1121.570000000,29509
RTSI,0,20181214,103219,1121.610000000,14064
RTSI,0,20181214,103220,1121.560000000,33000
RTSI,0,20181214,103221,1121.590000000,7415
RTSI,0,20181214,103222,1121.540000000,28992
RTSI,0,20181214,103223,1121.540000000,14375
RTSI,0,20181214,103224,1121.510000000,78747
RTSI,0,20181214,103225,1121.470000000,7735
RTSI,0,20181214,103226,1121.390000000,30283
RTSI,0,20181214,103227,1121.460000000,98962
RTSI,0,20181214,103228,1121.430000000,56341
RTSI,0,20181214,103229,1121.380000000,28320
RTSI,0,20181214,103230,1121.380000000,8105
RTSI,0,20181214,103231,1121.380000000,1447
RTSI,0,20181214,103232,1121.400000000,459
RTSI,0,20181214,103233,1121.420000000,1403
RTSI,0,20181214,103234,1121.420000000,565
RTSI,0,20181214,103235,1121.370000000,12742
RTSI,0,20181214,103236,1121.350000000,20123
RTSI,0,20181214,103237,1121.270000000,6537
RTSI,0,20181214,103238,1121.320000000,3972
RTSI,0,20181214,103239,1121.290000000,6038
RTSI,0,20181214,103240,1121.320000000,24524
RTSI,0,20181214,103241,1121.350000000,391
RTSI,0,20181214,103242,1121.360000000,14621
RTSI,0,20181214,103243,1121.370000000,16888
RTSI,0,20181214,103244,1121.370000000,408
RTSI,0,20181214,103245,1121.330000000,41775
RTSI,0,20181214,103246,1121.320000000,10348
RTSI,0,20181214,103247,1121.350000000,42759
RTSI,0,20181214,103248,1121.370000000,13670
RTSI,0,20181214,103249,1121.320000000,29931
RTSI,0,20181214,103250,1121.380000000,3328
RTSI,0,20181214,103251,1121.300000000,46429
RTSI,0,20181214,103252,1121.320000000,4661
RTSI,0,20181214,103253,1121.320000000,32520
RTSI,0,20181214,103254,1121.310000000,11420
RTSI,0,20181214,103255,1121.310000000,1179
RTSI,0,20181214,103256,1121.340000000,1674
RTSI,0,20181214,103257,1121.440000000,24066
RTSI,0,20181214,103258,1121.480000000,14668
RTSI,0,20181214,103259,1121.350000000,51245
RTSI,0,20181214,103300,1121.440000000,15522
RTSI,0,20181214,103301,1121.440000000,11917
RTSI,0,20181214,103302,1121.440000000,2154
RTSI,0,20181214,103303,1121.450000000,16
RTSI,0,20181214,103304,1121.500000000,32736
RTSI,0,20181214,103305,1121.500000000,949
RTSI,0,20181214,103306,1121.510000000,3763
RTSI,0,20181214,103307,1121.510000000,3000
RTSI,0,20181214,103308,1121.510000000,103
RTSI,0,20181214,103309,1121.510000000,105
RTSI,0,20181214,103310,1121.410000000,35921
RTSI,0,20181214,103311,1121.420000000,1707
RTSI,0,20181214,103312,1121.470000000,36487
RTSI,0,20181214,103313,1121.280000000,31743
RTSI,0,20181214,103314,1121.260000000,301
RTSI,0,20181214,103315,1121.250000000,30668
RTSI,0,20181214,103316,1121.260000000,31848
RTSI,0,20181214,103317,1121.310000000,6604
RTSI,0,20181214,103318,1121.330000000,3535
RTSI,0,20181214,103319,1121.350000000,2490
RTSI,0,20181214,103320,1121.290000000,5742
RTSI,0,20181214,103321,1121.350000000,4496
RTSI,0,20181214,103322,1121.290000000,1795
RTSI,0,20181214,103323,1121.330000000,4127
RTSI,0,20181214,103324,1121.320000000,141136
RTSI,0,20181214,103325,1121.280000000,11995
RTSI,0,20181214,103326,1121.280000000,10162
RTSI,0,20181214,103327,1121.280000000,3740
RTSI,0,20181214,103328,1121.370000000,8915
RTSI,0,20181214,103329,1121.290000000,2689
RTSI,0,20181214,103330,1121.380000000,4572
RTSI,0,20181214,103331,1121.340000000,1557
RTSI,0,20181214,103332,1121.330000000,9867
RTSI,0,20181214,103333,1121.340000000,8061
RTSI,0,20181214,103334,1121.550000000,32578
RTSI,0,20181214,103335,1121.540000000,740
RTSI,0,20181214,103336,1121.570000000,13899
RTSI,0,20181214,103337,1121.640000000,7128
RTSI,0,20181214,103338,1121.650000000,12484
RTSI,0,20181214,103339,1121.650000000,401
RTSI,0,20181214,103340,1121.570000000,10794
RTSI,0,20181214,103341,1121.600000000,50
RTSI,0,20181214,103342,1121.590000000,5410
RTSI,0,20181214,103343,1121.600000000,29728
RTSI,0,20181214,103344,1121.620000000,15242
RTSI,0,20181214,103345,1121.610000000,552
RTSI,0,20181214,103346,1121.550000000,2259
RTSI,0,20181214,103347,1121.560000000,0
RTSI,0,20181214,103348,1121.560000000,180
RTSI,0,20181214,103349,1121.540000000,1963
RTSI,0,20181214,103350,1121.590000000,9503
RTSI,0,20181214,103351,1121.620000000,12470
RTSI,0,20181214,103352,1121.620000000,416
RTSI,0,20181214,103353,1121.640000000,1353
RTSI,0,20181214,103354,1121.630000000,841
RTSI,0,20181214,103355,1121.650000000,5893
RTSI,0,20181214,103356,1121.650000000,5112
RTSI,0,20181214,103357,1121.660000000,1994
RTSI,0,20181214,103358,1121.670000000,9757
RTSI,0,20181214,103359,1121.670000000,7612
RTSI,0,20181214,103400,1121.770000000,15356
RTSI,0,20181214,103401,1121.810000000,11482
RTSI,0,20181214,103402,1121.820000000,20102
RTSI,0,20181214,103403,1121.760000000,85344
RTSI,0,20181214,103404,1121.760000000,759
RTSI,0,20181214,103405,1121.760000000,8
RTSI,0,20181214,103406,1121.730000000,28884
RTSI,0,20181214,103407,1121.720000000,842
RTSI,0,20181214,103408,1121.730000000,11248
RTSI,0,20181214,103409,1121.670000000,31500
RTSI,0,20181214,103410,1121.670000000,83
RTSI,0,20181214,103411,1121.700000000,25494
RTSI,0,20181214,103412,1121.690000000,6376
RTSI,0,20181214,103413,1121.630000000,28272
RTSI,0,20181214,103414,1121.630000000,35
RTSI,0,20181214,103415,1121.630000000,38197
RTSI,0,20181214,103416,1121.640000000,591
RTSI,0,20181214,103417,1121.630000000,85
RTSI,0,20181214,103418,1121.630000000,963
RTSI,0,20181214,103419,1121.660000000,427
RTSI,0,20181214,103420,1121.660000000,30692
RTSI,0,20181214,103421,1121.650000000,429
RTSI,0,20181214,103422,1121.560000000,29146
RTSI,0,20181214,103423,1121.620000000,1171
RTSI,0,20181214,103424,1121.520000000,29506
RTSI,0,20181214,103425,1121.550000000,722
RTSI,0,20181214,103426,1121.520000000,6427
RTSI,0,20181214,103427,1121.510000000,41947
RTSI,0,20181214,103428,1121.500000000,579
RTSI,0,20181214,103429,1121.390000000,50670
RTSI,0,20181214,103430,1121.450000000,7714
RTSI,0,20181214,103431,1121.450000000,136
RTSI,0,20181214,103432,1121.470000000,1482
RTSI,0,20181214,103433,1121.460000000,0
RTSI,0,20181214,103434,1121.490000000,1894
RTSI,0,20181214,103435,1121.480000000,240
RTSI,0,20181214,103436,1121.420000000,2887
RTSI,0,20181214,103437,1121.400000000,0
RTSI,0,20181214,103438,1121.380000000,13843
RTSI,0,20181214,103439,1121.390000000,617
RTSI,0,20181214,103440,1121.400000000,73
RTSI,0,20181214,103441,1121.380000000,2513
RTSI,0,20181214,103442,1121.540000000,8792
RTSI,0,20181214,103443,1121.550000000,4493
RTSI,0,20181214,103444,1121.540000000,120
RTSI,0,20181214,103445,1121.560000000,2279
RTSI,0,20181214,103446,1121.550000000,167
RTSI,0,20181214,103447,1121.610000000,5884
RTSI,0,20181214,103448,1121.600000000,26021
RTSI,0,20181214,103449,1121.600000000,3407
RTSI,0,20181214,103450,1121.610000000,1204
RTSI,0,20181214,103451,1121.640000000,4590
RTSI,0,20181214,103452,1121.640000000,245
RTSI,0,20181214,103453,1121.660000000,6829
RTSI,0,20181214,103454,1121.720000000,23177
RTSI,0,20181214,103455,1121.720000000,7882
RTSI,0,20181214,103456,1121.730000000,751
RTSI,0,20181214,103457,1121.670000000,51032
RTSI,0,20181214,103458,1121.670000000,3540
RTSI,0,20181214,103459,1121.670000000,10014
RTSI,0,20181214,103500,1121.640000000,3531
RTSI,0,20181214,103501,1121.630000000,15252
RTSI,0,20181214,103502,1121.630000000,428
RTSI,0,20181214,103503,1121.620000000,6585
RTSI,0,20181214,103504,1121.600000000,62507
RTSI,0,20181214,103505,1121.470000000,305455
RTSI,0,20181214,103506,1121.460000000,5851
RTSI,0,20181214,103507,1121.480000000,6812
RTSI,0,20181214,103508,1121.440000000,21647
RTSI,0,20181214,103509,1121.460000000,7926
RTSI,0,20181214,103510,1121.380000000,2673
RTSI,0,20181214,103511,1121.480000000,69599
RTSI,0,20181214,103512,1121.480000000,10329
RTSI,0,20181214,103513,1121.520000000,5080
RTSI,0,20181214,103514,1121.520000000,1476
RTSI,0,20181214,103515,1121.500000000,0
RTSI,0,20181214,103516,1121.510000000,2303
RTSI,0,20181214,103517,1121.480000000,36090
RTSI,0,20181214,103518,1121.490000000,1050
RTSI,0,20181214,103519,1121.480000000,15445
RTSI,0,20181214,103520,1121.190000000,514406
RTSI,0,20181214,103521,1120.950000000,67981
RTSI,0,20181214,103522,1120.830000000,102885
RTSI,0,20181214,103523,1120.890000000,20334
RTSI,0,20181214,103524,1120.920000000,44010
RTSI,0,20181214,103525,1121.000000000,26151
RTSI,0,20181214,103526,1121.000000000,7091
RTSI,0,20181214,103527,1120.880000000,38833
RTSI,0,20181214,103528,1120.890000000,2422
RTSI,0,20181214,103529,1120.720000000,38489
RTSI,0,20181214,103530,1120.630000000,19354
RTSI,0,20181214,103531,1120.610000000,21821
RTSI,0,20181214,103532,1120.630000000,6747
RTSI,0,20181214,103533,1120.710000000,21873
RTSI,0,20181214,103534,1120.740000000,403
RTSI,0,20181214,103535,1120.710000000,8890
RTSI,0,20181214,103536,1120.670000000,64692
RTSI,0,20181214,103537,1120.730000000,82960
RTSI,0,20181214,103538,1120.700000000,64532
RTSI,0,20181214,103539,1120.650000000,7157
RTSI,0,20181214,103540,1120.600000000,19475
RTSI,0,20181214,103541,1120.540000000,49266
RTSI,0,20181214,103542,1120.580000000,1915
RTSI,0,20181214,103543,1120.600000000,4419
RTSI,0,20181214,103544,1120.600000000,12679
RTSI,0,20181214,103545,1120.590000000,23673
RTSI,0,20181214,103546,1120.650000000,28668
RTSI,0,20181214,103547,1120.640000000,27288
RTSI,0,20181214,103548,1120.640000000,931
RTSI,0,20181214,103549,1120.670000000,49929
RTSI,0,20181214,103550,1120.640000000,12600
RTSI,0,20181214,103551,1120.630000000,20427
RTSI,0,20181214,103552,1120.630000000,4077
RTSI,0,20181214,103553,1120.620000000,7668
RTSI,0,20181214,103554,1120.570000000,1012
RTSI,0,20181214,103555,1120.600000000,5302
RTSI,0,20181214,103556,1120.580000000,29876
RTSI,0,20181214,103557,1120.530000000,64108
RTSI,0,20181214,103558,1120.560000000,4957
RTSI,0,20181214,103559,1120.610000000,11367
RTSI,0,20181214,103600,1120.660000000,14767
RTSI,0,20181214,103601,1120.650000000,82488
RTSI,0,20181214,103602,1120.590000000,29286
RTSI,0,20181214,103603,1120.750000000,96193
RTSI,0,20181214,103604,1120.700000000,40590
RTSI,0,20181214,103605,1120.700000000,12853
RTSI,0,20181214,103606,1120.720000000,3687
RTSI,0,20181214,103607,1120.730000000,6153
RTSI,0,20181214,103608,1120.700000000,173274
RTSI,0,20181214,103609,1120.850000000,13544
RTSI,0,20181214,103610,1120.780000000,33904
RTSI,0,20181214,103611,1120.790000000,5751
RTSI,0,20181214,103612,1120.880000000,100632
RTSI,0,20181214,103613,1120.980000000,18510
RTSI,0,20181214,103614,1121.040000000,19040
RTSI,0,20181214,103615,1121.090000000,2311
RTSI,0,20181214,103616,1121.080000000,111959
RTSI,0,20181214,103617,1121.080000000,472
RTSI,0,20181214,103618,1121.080000000,115
RTSI,0,20181214,103619,1121.220000000,23067
RTSI,0,20181214,103620,1121.190000000,685
RTSI,0,20181214,103621,1121.180000000,31911
RTSI,0,20181214,103622,1121.170000000,4287
RTSI,0,20181214,103623,1121.220000000,2311
RTSI,0,20181214,103624,1121.140000000,32049
RTSI,0,20181214,103625,1121.150000000,57271
RTSI,0,20181214,103626,1121.200000000,42606
RTSI,0,20181214,103627,1121.170000000,2579
RTSI,0,20181214,103628,1121.050000000,30460
RTSI,0,20181214,103629,1121.090000000,78339
RTSI,0,20181214,103630,1121.060000000,53633
RTSI,0,20181214,103631,1121.060000000,28
RTSI,0,20181214,103632,1121.080000000,3853
RTSI,0,20181214,103633,1121.130000000,3799
RTSI,0,20181214,103634,1121.150000000,315
RTSI,0,20181214,103635,1121.120000000,69010
RTSI,0,20181214,103636,1121.130000000,3707
RTSI,0,20181214,103637,1121.130000000,5326
RTSI,0,20181214,103638,1121.080000000,65815
RTSI,0,20181214,103639,1121.150000000,2981
RTSI,0,20181214,103640,1121.190000000,19601
RTSI,0,20181214,103641,1121.130000000,21755
RTSI,0,20181214,103642,1120.970000000,75930
RTSI,0,20181214,103643,1120.940000000,1306
RTSI,0,20181214,103644,1121.060000000,15617
RTSI,0,20181214,103645,1121.070000000,8411
RTSI,0,20181214,103646,1121.090000000,626
RTSI,0,20181214,103647,1121.030000000,6483
RTSI,0,20181214,103648,1121.040000000,582
RTSI,0,20181214,103649,1120.980000000,144405
RTSI,0,20181214,103650,1120.910000000,27364
RTSI,0,20181214,103651,1120.930000000,68297
RTSI,0,20181214,103652,1120.960000000,22606
RTSI,0,20181214,103653,1121.000000000,10438
RTSI,0,20181214,103654,1120.980000000,257
RTSI,0,20181214,103655,1120.910000000,13543
RTSI,0,20181214,103656,1120.910000000,138
RTSI,0,20181214,103657,1120.850000000,15399
RTSI,0,20181214,103658,1120.800000000,3480
RTSI,0,20181214,103659,1120.890000000,8584
RTSI,0,20181214,103700,1120.860000000,7577
RTSI,0,20181214,103701,1120.880000000,2965
RTSI,0,20181214,103702,1120.810000000,4666
RTSI,0,20181214,103703,1120.790000000,6582
RTSI,0,20181214,103704,1120.690000000,31481
RTSI,0,20181214,103705,1120.700000000,3994
RTSI,0,20181214,103706,1120.700000000,2760
RTSI,0,20181214,103707,1120.660000000,27482
RTSI,0,20181214,103708,1120.670000000,10902
RTSI,0,20181214,103709,1120.660000000,955
RTSI,0,20181214,103710,1120.650000000,8217
RTSI,0,20181214,103711,1120.660000000,967
RTSI,0,20181214,103712,1120.670000000,3046
RTSI,0,20181214,103713,1120.680000000,2902
RTSI,0,20181214,103714,1120.610000000,5542
RTSI,0,20181214,103715,1120.630000000,11324
RTSI,0,20181214,103716,1120.650000000,82339
RTSI,0,20181214,103717,1120.770000000,3162
RTSI,0,20181214,103718,1120.730000000,57207
RTSI,0,20181214,103719,1120.690000000,87702
RTSI,0,20181214,103720,1120.550000000,3861
RTSI,0,20181214,103721,1120.440000000,24256
RTSI,0,20181214,103722,1120.440000000,21513
RTSI,0,20181214,103723,1120.450000000,6945
RTSI,0,20181214,103724,1120.390000000,10121
RTSI,0,20181214,103725,1120.330000000,26809
RTSI,0,20181214,103726,1120.290000000,42317
RTSI,0,20181214,103727,1120.200000000,30827
RTSI,0,20181214,103728,1120.170000000,81077
RTSI,0,20181214,103729,1120.160000000,39833
RTSI,0,20181214,103730,1120.130000000,23068
RTSI,0,20181214,103731,1119.660000000,183125
RTSI,0,20181214,103732,1119.640000000,20190
RTSI,0,20181214,103733,1119.580000000,39842
RTSI,0,20181214,103734,1119.560000000,15513
RTSI,0,20181214,103735,1119.550000000,12189
RTSI,0,20181214,103736,1119.750000000,57801
RTSI,0,20181214,103737,1119.720000000,8706
RTSI,0,20181214,103738,1119.750000000,9043
RTSI,0,20181214,103739,1119.750000000,2923
RTSI,0,20181214,103740,1119.740000000,4621
RTSI,0,20181214,103741,1119.810000000,59288
RTSI,0,20181214,103742,1119.880000000,14813
RTSI,0,20181214,103743,1119.870000000,34699
RTSI,0,20181214,103744,1119.900000000,27995
RTSI,0,20181214,103745,1119.860000000,4459
