<TICKER>,<PER>,<DATE>,<TIME>,<LAST>,<VOL>
RTSI,0,20170324,100001,1123.170000000,28308
RTSI,0,20170324,100002,1123.440000000,67370
RTSI,0,20170324,100003,1123.160000000,318543
RTSI,0,20170324,100004,1123.230000000,135229
RTSI,0,20170324,100005,1123.230000000,45622
RTSI,0,20170324,100006,1123.240000000,57404
RTSI,0,20170324,100007,1123.200000000,23716
RTSI,0,20170324,100008,1123.260000000,7270
RTSI,0,20170324,100009,1123.270000000,10914
RTSI,0,20170324,100010,1123.180000000,9817
RTSI,0,20170324,100011,1122.950000000,44261
RTSI,0,20170324,100012,1122.980000000,78333
RTSI,0,20170324,100013,1122.830000000,90322
RTSI,0,20170324,100014,1122.860000000,50585
RTSI,0,20170324,100015,1122.850000000,15449
RTSI,0,20170324,100016,1122.920000000,3303
RTSI,0,20170324,100017,1122.830000000,47409
RTSI,0,20170324,100018,1122.790000000,20764
RTSI,0,20170324,100019,1122.770000000,85348
RTSI,0,20170324,100020,1122.730000000,2291
RTSI,0,20170324,100021,1122.740000000,5647
RTSI,0,20170324,100022,1122.720000000,50368
RTSI,0,20170324,100023,1122.700000000,22115
RTSI,0,20170324,100024,1122.800000000,53207
RTSI,0,20170324,100025,1122.820000000,15984
RTSI,0,20170324,100026,1122.840000000,7867
RTSI,0,20170324,100027,1122.840000000,5636
RTSI,0,20170324,100028,1122.850000000,17318
RTSI,0,20170324,100029,1122.940000000,46206
RTSI,0,20170324,100030,1122.940000000,1493
RTSI,0,20170324,100031,1123.030000000,27953
RTSI,0,20170324,100032,1123.020000000,27489
RTSI,0,20170324,100033,1123.070000000,32691
RTSI,0,20170324,100034,1123.230000000,17329
RTSI,0,20170324,100035,1123.160000000,3033
RTSI,0,20170324,100036,1123.090000000,53692
RTSI,0,20170324,100037,1123.090000000,29640
RTSI,0,20170324,100038,1123.150000000,21316
RTSI,0,20170324,100039,1123.120000000,2260
RTSI,0,20170324,100040,1123.170000000,36339
RTSI,0,20170324,100041,1123.530000000,43459
RTSI,0,20170324,100042,1123.460000000,18209
RTSI,0,20170324,100043,1123.470000000,2938
RTSI,0,20170324,100044,1123.310000000,26551
RTSI,0,20170324,100045,1123.230000000,24932
RTSI,0,20170324,100046,1123.160000000,23794
RTSI,0,20170324,100047,1123.050000000,25292
RTSI,0,20170324,100048,1123.050000000,6193
RTSI,0,20170324,100049,1123.070000000,1370
RTSI,0,20170324,100050,1123.070000000,7203
RTSI,0,20170324,100051,1123.230000000,61970
RTSI,0,20170324,100052,1123.570000000,33965
RTSI,0,20170324,100053,1123.580000000,89049
RTSI,0,20170324,100054,1123.580000000,97507
RTSI,0,20170324,100055,1123.700000000,24874
RTSI,0,20170324,100056,1123.610000000,53626
RTSI,0,20170324,100057,1123.600000000,3352
RTSI,0,20170324,100058,1123.500000000,16079
RTSI,0,20170324,100059,1123.500000000,16426
RTSI,0,20170324,100100,1123.460000000,57191
RTSI,0,20170324,100101,1123.510000000,64942
RTSI,0,20170324,100102,1123.470000000,19080
RTSI,0,20170324,100103,1123.460000000,9725
RTSI,0,20170324,100104,1123.520000000,22950
RTSI,0,20170324,100105,1123.530000000,4425
RTSI,0,20170324,100106,1123.460000000,23760
RTSI,0,20170324,100107,1123.500000000,67565
RTSI,0,20170324,100108,1123.500000000,14311
RTSI,0,20170324,100109,1123.520000000,18447
RTSI,0,20170324,100110,1123.510000000,10606
RTSI,0,20170324,100111,1123.490000000,5707
RTSI,0,20170324,100112,1123.450000000,88459
RTSI,0,20170324,100113,1123.440000000,22730
RTSI,0,20170324,100114,1123.440000000,3855
RTSI,0,20170324,100115,1123.410000000,35093
RTSI,0,20170324,100116,1123.490000000,77224
RTSI,0,20170324,100117,1123.440000000,24453
RTSI,0,20170324,100118,1123.440000000,10619
RTSI,0,20170324,100119,1123.290000000,6233
RTSI,0,20170324,100120,1123.320000000,13242
RTSI,0,20170324,100121,1123.320000000,3726
RTSI,0,20170324,100122,1123.320000000,2921
RTSI,0,20170324,100123,1123.330000000,12624
RTSI,0,20170324,100124,1123.460000000,31567
RTSI,0,20170324,100125,1123.480000000,65442
RTSI,0,20170324,100126,1123.480000000,73587
RTSI,0,20170324,100127,1123.480000000,1019
RTSI,0,20170324,100128,1123.460000000,4932
RTSI,0,20170324,100129,1123.470000000,34555
RTSI,0,20170324,100130,1123.450000000,7383
RTSI,0,20170324,100131,1123.500000000,13999
RTSI,0,20170324,100132,1123.600000000,48008
RTSI,0,20170324,100133,1123.580000000,2001
RTSI,0,20170324,100134,1123.570000000,58
RTSI,0,20170324,100135,1123.580000000,70691
RTSI,0,20170324,100136,1123.600000000,15198
RTSI,0,20170324,100137,1123.570000000,53837
RTSI,0,20170324,100138,1123.550000000,1132
RTSI,0,20170324,100139,1123.600000000,29413
RTSI,0,20170324,100140,1123.600000000,54826
RTSI,0,20170324,100141,1123.600000000,6614
RTSI,0,20170324,100142,1123.600000000,390
RTSI,0,20170324,100143,1123.580000000,16543
RTSI,0,20170324,100144,1123.520000000,56669
RTSI,0,20170324,100145,1123.600000000,9557
RTSI,0,20170324,100146,1123.580000000,12564
RTSI,0,20170324,100147,1123.590000000,18828
RTSI,0,20170324,100148,1123.540000000,5337
RTSI,0,20170324,100149,1123.580000000,59025
RTSI,0,20170324,100150,1123.500000000,17122
RTSI,0,20170324,100151,1123.500000000,19340
RTSI,0,20170324,100152,1123.470000000,13035
RTSI,0,20170324,100153,1123.450000000,20091
RTSI,0,20170324,100154,1123.440000000,124951
RTSI,0,20170324,100155,1123.350000000,11447
RTSI,0,20170324,100156,1123.360000000,18161
RTSI,0,20170324,100157,1123.360000000,3478
RTSI,0,20170324,100158,1123.340000000,7666
RTSI,0,20170324,100159,1123.320000000,199
RTSI,0,20170324,100200,1123.310000000,6013
RTSI,0,20170324,100201,1123.280000000,15958
RTSI,0,20170324,100202,1123.340000000,17767
RTSI,0,20170324,100203,1123.200000000,36719
RTSI,0,20170324,100204,1123.210000000,763
RTSI,0,20170324,100205,1123.210000000,6921
RTSI,0,20170324,100206,1123.180000000,33228
RTSI,0,20170324,100207,1123.210000000,23699
RTSI,0,20170324,100208,1123.190000000,1713
RTSI,0,20170324,100209,1123.190000000,232
RTSI,0,20170324,100210,1123.170000000,4514
RTSI,0,20170324,100211,1123.180000000,1817
RTSI,0,20170324,100212,1123.220000000,3349
RTSI,0,20170324,100213,1123.210000000,3852
RTSI,0,20170324,100214,1123.260000000,2936
RTSI,0,20170324,100215,1123.230000000,2492
RTSI,0,20170324,100216,1123.200000000,4581
RTSI,0,20170324,100217,1123.230000000,5310
RTSI,0,20170324,100218,1123.180000000,5138
RTSI,0,20170324,100219,1123.160000000,14442
RTSI,0,20170324,100220,1123.170000000,202
RTSI,0,20170324,100221,1123.150000000,4945
RTSI,0,20170324,100222,1123.120000000,10797
RTSI,0,20170324,100223,1123.150000000,5957
RTSI,0,20170324,100224,1123.150000000,10628
RTSI,0,20170324,100225,1123.230000000,44112
RTSI,0,20170324,100226,1123.190000000,1549
RTSI,0,20170324,100227,1123.220000000,102569
RTSI,0,20170324,100229,1123.170000000,9908
RTSI,0,20170324,100230,1123.180000000,104478
RTSI,0,20170324,100231,1123.370000000,70725
RTSI,0,20170324,100232,1123.400000000,4916
RTSI,0,20170324,100233,1123.280000000,6388
RTSI,0,20170324,100234,1123.280000000,1319
RTSI,0,20170324,100235,1123.280000000,1046
RTSI,0,20170324,100236,1123.280000000,44053
RTSI,0,20170324,100238,1123.310000000,8174
RTSI,0,20170324,100239,1123.280000000,543
RTSI,0,20170324,100240,1123.290000000,4734
RTSI,0,20170324,100241,1123.290000000,3921
RTSI,0,20170324,100242,1123.350000000,5224
RTSI,0,20170324,100243,1123.320000000,6154
RTSI,0,20170324,100244,1123.320000000,3060
RTSI,0,20170324,100245,1123.330000000,16
RTSI,0,20170324,100246,1123.380000000,11555
RTSI,0,20170324,100247,1123.410000000,4161
RTSI,0,20170324,100248,1123.400000000,8314
RTSI,0,20170324,100249,1123.390000000,335
RTSI,0,20170324,100250,1123.360000000,14505
RTSI,0,20170324,100251,1123.390000000,7446
RTSI,0,20170324,100252,1123.380000000,3554
RTSI,0,20170324,100253,1123.380000000,188
RTSI,0,20170324,100254,1123.330000000,15110
RTSI,0,20170324,100255,1123.330000000,7358
RTSI,0,20170324,100256,1123.340000000,4411
RTSI,0,20170324,100257,1123.350000000,1719
RTSI,0,20170324,100258,1123.360000000,3073
RTSI,0,20170324,100259,1123.360000000,2079
RTSI,0,20170324,100300,1123.350000000,0
RTSI,0,20170324,100301,1123.320000000,3712
RTSI,0,20170324,100302,1123.380000000,26278
RTSI,0,20170324,100303,1123.310000000,23436
RTSI,0,20170324,100304,1123.420000000,892
RTSI,0,20170324,100305,1123.390000000,399
RTSI,0,20170324,100306,1123.390000000,20197
RTSI,0,20170324,100307,1123.300000000,34165
RTSI,0,20170324,100308,1123.240000000,24791
RTSI,0,20170324,100309,1123.260000000,20520
RTSI,0,20170324,100310,1123.280000000,19751
RTSI,0,20170324,100311,1123.290000000,248
RTSI,0,20170324,100312,1123.280000000,3999
RTSI,0,20170324,100313,1123.300000000,1623
RTSI,0,20170324,100314,1123.310000000,4166
RTSI,0,20170324,100315,1123.300000000,1029
RTSI,0,20170324,100316,1123.330000000,1823
RTSI,0,20170324,100317,1123.300000000,4475
RTSI,0,20170324,100318,1123.290000000,17656
RTSI,0,20170324,100319,1123.290000000,13325
RTSI,0,20170324,100320,1123.310000000,68434
RTSI,0,20170324,100321,1123.340000000,17842
RTSI,0,20170324,100322,1123.330000000,6230
RTSI,0,20170324,100323,1123.330000000,6241
RTSI,0,20170324,100324,1123.370000000,2602
RTSI,0,20170324,100325,1123.360000000,3178
RTSI,0,20170324,100326,1123.360000000,19868
RTSI,0,20170324,100327,1123.410000000,774
RTSI,0,20170324,100328,1123.300000000,3732
RTSI,0,20170324,100329,1123.300000000,8986
RTSI,0,20170324,100330,1123.290000000,5452
RTSI,0,20170324,100331,1123.280000000,8009
RTSI,0,20170324,100332,1123.300000000,4539
RTSI,0,20170324,100333,1123.240000000,6040
RTSI,0,20170324,100334,1123.170000000,236312
RTSI,0,20170324,100335,1123.170000000,7391
RTSI,0,20170324,100336,1123.140000000,5357
RTSI,0,20170324,100337,1123.130000000,23718
RTSI,0,20170324,100338,1123.120000000,2741
RTSI,0,20170324,100339,1123.120000000,71476
RTSI,0,20170324,100340,1123.010000000,25570
RTSI,0,20170324,100341,1123.000000000,49
RTSI,0,20170324,100342,1123.010000000,56994
RTSI,0,20170324,100343,1123.000000000,7498
RTSI,0,20170324,100344,1123.070000000,220
RTSI,0,20170324,100345,1123.060000000,4529
RTSI,0,20170324,100346,1123.030000000,30394
RTSI,0,20170324,100347,1123.030000000,592
RTSI,0,20170324,100348,1123.040000000,3493
RTSI,0,20170324,100349,1122.970000000,5637
RTSI,0,20170324,100350,1122.960000000,1451
RTSI,0,20170324,100351,1122.990000000,33393
RTSI,0,20170324,100352,1123.020000000,16389
RTSI,0,20170324,100353,1123.010000000,2036
RTSI,0,20170324,100354,1123.020000000,2717
RTSI,0,20170324,100355,1122.970000000,8374
RTSI,0,20170324,100356,1122.950000000,8051
RTSI,0,20170324,100357,1122.940000000,17225
RTSI,0,20170324,100358,1122.950000000,15719
RTSI,0,20170324,100359,1122.960000000,3778
RTSI,0,20170324,100400,1122.930000000,4815
RTSI,0,20170324,100401,1122.920000000,1156
RTSI,0,20170324,100402,1122.990000000,22812
RTSI,0,20170324,100403,1122.900000000,13476
RTSI,0,20170324,100404,1122.890000000,766
RTSI,0,20170324,100405,1122.870000000,5304
RTSI,0,20170324,100406,1122.870000000,456
RTSI,0,20170324,100407,1122.870000000,2969
RTSI,0,20170324,100408,1122.840000000,2160
RTSI,0,20170324,100409,1122.860000000,5729
RTSI,0,20170324,100410,1122.860000000,1818
RTSI,0,20170324,100411,1122.900000000,22929
RTSI,0,20170324,100412,1122.950000000,108327
RTSI,0,20170324,100413,1122.810000000,23365
RTSI,0,20170324,100414,1122.730000000,43666
RTSI,0,20170324,100415,1122.750000000,863
RTSI,0,20170324,100416,1122.710000000,2347
RTSI,0,20170324,100417,1122.600000000,25038
RTSI,0,20170324,100418,1122.590000000,2422
RTSI,0,20170324,100419,1122.550000000,31086
RTSI,0,20170324,100420,1122.520000000,19600
RTSI,0,20170324,100421,1122.500000000,2054
RTSI,0,20170324,100422,1122.460000000,17659
RTSI,0,20170324,100423,1122.410000000,5782
RTSI,0,20170324,100425,1122.330000000,18201
RTSI,0,20170324,100426,1122.340000000,4156
RTSI,0,20170324,100427,1122.340000000,4175
RTSI,0,20170324,100428,1122.340000000,1850
RTSI,0,20170324,100429,1122.340000000,17787
RTSI,0,20170324,100430,1122.320000000,2265
RTSI,0,20170324,100431,1122.310000000,22401
RTSI,0,20170324,100432,1122.300000000,415
RTSI,0,20170324,100433,1122.390000000,8268
RTSI,0,20170324,100434,1122.380000000,942
RTSI,0,20170324,100435,1122.430000000,8187
RTSI,0,20170324,100436,1122.420000000,53
RTSI,0,20170324,100437,1122.300000000,22677
RTSI,0,20170324,100438,1122.330000000,834
RTSI,0,20170324,100439,1122.410000000,6473
RTSI,0,20170324,100440,1122.370000000,3287
RTSI,0,20170324,100441,1122.330000000,5923
RTSI,0,20170324,100442,1122.330000000,473
RTSI,0,20170324,100443,1122.310000000,7962
RTSI,0,20170324,100444,1122.320000000,5994
RTSI,0,20170324,100445,1122.290000000,33006
RTSI,0,20170324,100446,1122.290000000,144
RTSI,0,20170324,100447,1122.300000000,6954
RTSI,0,20170324,100448,1122.320000000,28450
RTSI,0,20170324,100449,1122.350000000,17063
RTSI,0,20170324,100450,1122.410000000,3737
RTSI,0,20170324,100451,1122.420000000,2012
RTSI,0,20170324,100452,1122.340000000,1461
RTSI,0,20170324,100453,1122.320000000,8436
RTSI,0,20170324,100454,1122.210000000,4246
RTSI,0,20170324,100455,1122.190000000,9201
RTSI,0,20170324,100456,1122.130000000,23638
RTSI,0,20170324,100457,1122.040000000,17078
RTSI,0,20170324,100458,1122.030000000,2981
RTSI,0,20170324,100459,1122.160000000,144517
RTSI,0,20170324,100500,1122.120000000,17716
RTSI,0,20170324,100501,1122.090000000,4012
RTSI,0,20170324,100502,1122.000000000,36503
RTSI,0,20170324,100503,1121.990000000,3410
RTSI,0,20170324,100504,1121.850000000,60590
RTSI,0,20170324,100505,1121.850000000,4975
RTSI,0,20170324,100506,1121.850000000,10234
RTSI,0,20170324,100507,1121.940000000,1923
RTSI,0,20170324,100508,1121.920000000,616
RTSI,0,20170324,100509,1121.940000000,10467
RTSI,0,20170324,100510,1122.030000000,11933
RTSI,0,20170324,100511,1122.010000000,759
RTSI,0,20170324,100512,1122.000000000,23376
RTSI,0,20170324,100513,1122.170000000,7898
RTSI,0,20170324,100514,1122.210000000,4898
RTSI,0,20170324,100515,1122.150000000,1584
RTSI,0,20170324,100516,1122.120000000,81547
RTSI,0,20170324,100517,1121.980000000,19978
RTSI,0,20170324,100518,1121.980000000,8542
RTSI,0,20170324,100519,1121.970000000,6191
RTSI,0,20170324,100520,1121.990000000,808
RTSI,0,20170324,100521,1121.980000000,9679
RTSI,0,20170324,100522,1122.010000000,1323
RTSI,0,20170324,100523,1122.030000000,3621
RTSI,0,20170324,100524,1122.010000000,2757
RTSI,0,20170324,100525,1122.010000000,5133
RTSI,0,20170324,100526,1122.010000000,1589
RTSI,0,20170324,100527,1122.020000000,3532
RTSI,0,20170324,100528,1122.010000000,14383
RTSI,0,20170324,100529,1122.010000000,15578
RTSI,0,20170324,100530,1122.010000000,1854
RTSI,0,20170324,100531,1122.010000000,4100
RTSI,0,20170324,100532,1122.070000000,3424
RTSI,0,20170324,100533,1122.100000000,8633
RTSI,0,20170324,100534,1122.180000000,6928
RTSI,0,20170324,100535,1122.190000000,32919
RTSI,0,20170324,100536,1122.200000000,984
RTSI,0,20170324,100537,1122.210000000,21973
RTSI,0,20170324,100538,1122.230000000,1450
RTSI,0,20170324,100539,1122.220000000,304
RTSI,0,20170324,100540,1122.210000000,13734
RTSI,0,20170324,100541,1122.210000000,639
RTSI,0,20170324,100542,1122.180000000,36522
RTSI,0,20170324,100543,1122.200000000,319
RTSI,0,20170324,100544,1122.360000000,14918
RTSI,0,20170324,100545,1122.370000000,8280
RTSI,0,20170324,100546,1122.340000000,13291
RTSI,0,20170324,100547,1122.320000000,2852
RTSI,0,20170324,100548,1122.330000000,10184
RTSI,0,20170324,100549,1122.290000000,709
RTSI,0,20170324,100550,1122.290000000,261
RTSI,0,20170324,100551,1122.370000000,12187
RTSI,0,20170324,100553,1122.420000000,10270
RTSI,0,20170324,100554,1122.440000000,297
RTSI,0,20170324,100555,1122.370000000,11522
RTSI,0,20170324,100556,1122.300000000,7011
RTSI,0,20170324,100557,1122.340000000,4647
RTSI,0,20170324,100558,1122.330000000,612
RTSI,0,20170324,100559,1122.400000000,15916
RTSI,0,20170324,100600,1122.340000000,41020
RTSI,0,20170324,100601,1122.380000000,8198
RTSI,0,20170324,100602,1122.680000000,222580
RTSI,0,20170324,100603,1122.650000000,10425
RTSI,0,20170324,100604,1122.640000000,16897
RTSI,0,20170324,100605,1122.660000000,5025
RTSI,0,20170324,100606,1122.630000000,6993
RTSI,0,20170324,100607,1122.610000000,9259
RTSI,0,20170324,100608,1122.640000000,2115
RTSI,0,20170324,100609,1122.620000000,3455
RTSI,0,20170324,100610,1122.660000000,7596
RTSI,0,20170324,100612,1122.610000000,61754
RTSI,0,20170324,100613,1122.620000000,1248
RTSI,0,20170324,100614,1122.630000000,22330
RTSI,0,20170324,100615,1122.640000000,36949
RTSI,0,20170324,100616,1122.710000000,5334
RTSI,0,20170324,100617,1122.760000000,20947
RTSI,0,20170324,100618,1122.770000000,71
RTSI,0,20170324,100619,1122.820000000,709
RTSI,0,20170324,100620,1122.840000000,126
RTSI,0,20170324,100621,1122.750000000,65891
RTSI,0,20170324,100622,1122.730000000,33005
RTSI,0,20170324,100623,1122.760000000,4382
RTSI,0,20170324,100624,1122.760000000,1186
RTSI,0,20170324,100625,1122.850000000,4958
RTSI,0,20170324,100626,1122.870000000,30548
RTSI,0,20170324,100627,1122.950000000,2008
RTSI,0,20170324,100628,1122.960000000,2221
RTSI,0,20170324,100629,1122.960000000,3071
RTSI,0,20170324,100630,1122.780000000,9275
RTSI,0,20170324,100631,1122.810000000,1383
RTSI,0,20170324,100633,1122.830000000,4901
RTSI,0,20170324,100634,1122.840000000,1206
RTSI,0,20170324,100635,1122.840000000,204
RTSI,0,20170324,100636,1122.840000000,3395
RTSI,0,20170324,100637,1122.860000000,2462
RTSI,0,20170324,100638,1122.880000000,11301
RTSI,0,20170324,100639,1122.900000000,657
RTSI,0,20170324,100640,1122.910000000,4683
RTSI,0,20170324,100641,1122.990000000,16085
RTSI,0,20170324,100642,1122.980000000,2789
RTSI,0,20170324,100643,1122.910000000,47781
RTSI,0,20170324,100644,1122.910000000,40
RTSI,0,20170324,100645,1122.900000000,14359
RTSI,0,20170324,100646,1122.920000000,1689
RTSI,0,20170324,100647,1122.900000000,15631
RTSI,0,20170324,100648,1122.890000000,110
RTSI,0,20170324,100649,1122.920000000,11987
RTSI,0,20170324,100651,1122.970000000,16039
RTSI,0,20170324,100652,1122.990000000,487
RTSI,0,20170324,100653,1122.990000000,492
RTSI,0,20170324,100654,1122.970000000,14762
RTSI,0,20170324,100655,1123.080000000,25093
RTSI,0,20170324,100656,1123.140000000,8090
RTSI,0,20170324,100657,1123.160000000,6354
RTSI,0,20170324,100658,1123.160000000,3675
RTSI,0,20170324,100659,1123.170000000,5988
RTSI,0,20170324,100700,1123.190000000,84
RTSI,0,20170324,100701,1123.200000000,1093
RTSI,0,20170324,100702,1123.210000000,4052
RTSI,0,20170324,100703,1123.230000000,2284
RTSI,0,20170324,100704,1123.220000000,454
RTSI,0,20170324,100705,1123.240000000,836
RTSI,0,20170324,100706,1123.310000000,20056
RTSI,0,20170324,100708,1123.300000000,7975
RTSI,0,20170324,100709,1123.370000000,1895
RTSI,0,20170324,100710,1123.380000000,196
RTSI,0,20170324,100711,1123.390000000,3555
RTSI,0,20170324,100712,1123.410000000,499
RTSI,0,20170324,100713,1123.430000000,276
RTSI,0,20170324,100714,1123.480000000,5847
RTSI,0,20170324,100715,1123.480000000,3839
RTSI,0,20170324,100716,1123.430000000,15045
RTSI,0,20170324,100717,1123.460000000,5152
RTSI,0,20170324,100719,1123.510000000,19220
RTSI,0,20170324,100720,1123.570000000,8347
RTSI,0,20170324,100721,1123.590000000,161
RTSI,0,20170324,100722,1123.540000000,2947
RTSI,0,20170324,100723,1123.600000000,31771
RTSI,0,20170324,100724,1123.610000000,1162
RTSI,0,20170324,100725,1123.650000000,3085
RTSI,0,20170324,100726,1123.660000000,3160
RTSI,0,20170324,100727,1123.680000000,10588
RTSI,0,20170324,100728,1123.690000000,74
RTSI,0,20170324,100729,1123.700000000,71470
RTSI,0,20170324,100730,1123.680000000,26078
RTSI,0,20170324,100731,1123.680000000,4181
RTSI,0,20170324,100732,1123.660000000,10594
RTSI,0,20170324,100733,1123.760000000,51463
RTSI,0,20170324,100734,1123.860000000,12982
RTSI,0,20170324,100735,1123.860000000,38
RTSI,0,20170324,100736,1123.850000000,4828
RTSI,0,20170324,100737,1123.840000000,108
RTSI,0,20170324,100738,1123.910000000,642
RTSI,0,20170324,100739,1123.980000000,16405
RTSI,0,20170324,100740,1124.010000000,18258
RTSI,0,20170324,100741,1124.030000000,16623
RTSI,0,20170324,100742,1124.040000000,33587
RTSI,0,20170324,100743,1123.980000000,2766
RTSI,0,20170324,100744,1124.000000000,39377
RTSI,0,20170324,100745,1124.080000000,638
RTSI,0,20170324,100746,1124.090000000,60
RTSI,0,20170324,100747,1124.090000000,28
RTSI,0,20170324,100748,1124.120000000,6337
RTSI,0,20170324,100749,1124.120000000,10855
RTSI,0,20170324,100750,1124.120000000,3873
RTSI,0,20170324,100751,1124.080000000,15966
RTSI,0,20170324,100752,1124.090000000,14017
RTSI,0,20170324,100753,1124.070000000,170
RTSI,0,20170324,100754,1124.080000000,43
RTSI,0,20170324,100755,1124.130000000,4405
RTSI,0,20170324,100756,1124.190000000,6449
RTSI,0,20170324,100757,1124.250000000,2275
RTSI,0,20170324,100758,1124.280000000,3700
RTSI,0,20170324,100759,1124.320000000,14976
RTSI,0,20170324,100800,1124.230000000,3292
RTSI,0,20170324,100801,1124.310000000,14806
RTSI,0,20170324,100802,1124.180000000,7903
RTSI,0,20170324,100803,1124.300000000,4740
RTSI,0,20170324,100804,1124.330000000,1392
RTSI,0,20170324,100805,1124.390000000,32825
RTSI,0,20170324,100806,1124.500000000,10905
RTSI,0,20170324,100807,1124.510000000,172
RTSI,0,20170324,100808,1124.440000000,14124
RTSI,0,20170324,100809,1124.440000000,4861
RTSI,0,20170324,100810,1124.440000000,4199
RTSI,0,20170324,100811,1124.450000000,1009
RTSI,0,20170324,100812,1124.490000000,2609
RTSI,0,20170324,100813,1124.490000000,4278
RTSI,0,20170324,100814,1124.500000000,744
RTSI,0,20170324,100815,1124.550000000,19624
RTSI,0,20170324,100816,1124.590000000,7847
RTSI,0,20170324,100817,1124.590000000,8465
RTSI,0,20170324,100818,1124.570000000,661
RTSI,0,20170324,100819,1124.700000000,1814
RTSI,0,20170324,100820,1124.740000000,6158
RTSI,0,20170324,100821,1124.680000000,102
RTSI,0,20170324,100822,1124.680000000,979
RTSI,0,20170324,100823,1124.710000000,4541
RTSI,0,20170324,100824,1124.730000000,2864
RTSI,0,20170324,100825,1124.830000000,50634
RTSI,0,20170324,100826,1124.850000000,149
RTSI,0,20170324,100827,1124.800000000,3114
RTSI,0,20170324,100828,1124.820000000,10330
RTSI,0,20170324,100829,1124.890000000,7345
RTSI,0,20170324,100830,1124.870000000,2605
RTSI,0,20170324,100831,1124.850000000,10677
RTSI,0,20170324,100832,1124.840000000,3529
RTSI,0,20170324,100834,1124.930000000,13984
RTSI,0,20170324,100835,1124.960000000,731
RTSI,0,20170324,100836,1124.970000000,30791
RTSI,0,20170324,100837,1124.980000000,2391
RTSI,0,20170324,100838,1125.030000000,19551
RTSI,0,20170324,100839,1125.100000000,4679
RTSI,0,20170324,100840,1125.150000000,6329
RTSI,0,20170324,100841,1125.160000000,3747
RTSI,0,20170324,100842,1125.180000000,2516
RTSI,0,20170324,100843,1125.180000000,1685
RTSI,0,20170324,100845,1125.230000000,1814
RTSI,0,20170324,100846,1125.240000000,138
RTSI,0,20170324,100847,1125.260000000,3549
RTSI,0,20170324,100848,1125.210000000,42762
RTSI,0,20170324,100849,1125.230000000,7282
RTSI,0,20170324,100850,1125.250000000,14592
RTSI,0,20170324,100851,1125.280000000,10698
RTSI,0,20170324,100853,1125.280000000,399
RTSI,0,20170324,100854,1125.290000000,61
RTSI,0,20170324,100855,1125.300000000,76
RTSI,0,20170324,100856,1125.310000000,7125
RTSI,0,20170324,100857,1125.290000000,12097
RTSI,0,20170324,100858,1125.310000000,7673
RTSI,0,20170324,100859,1125.340000000,3501
RTSI,0,20170324,100900,1125.330000000,2191
RTSI,0,20170324,100901,1125.340000000,392
RTSI,0,20170324,100902,1125.320000000,266
RTSI,0,20170324,100903,1125.280000000,1643
RTSI,0,20170324,100904,1125.270000000,50
RTSI,0,20170324,100905,1125.280000000,5006
RTSI,0,20170324,100906,1125.240000000,2046
RTSI,0,20170324,100907,1125.230000000,2945
RTSI,0,20170324,100908,1125.190000000,2847
RTSI,0,20170324,100909,1125.240000000,279
RTSI,0,20170324,100910,1125.250000000,20505
RTSI,0,20170324,100911,1125.230000000,42
RTSI,0,20170324,100912,1125.230000000,8522
RTSI,0,20170324,100913,1125.240000000,23
RTSI,0,20170324,100914,1125.270000000,8744
RTSI,0,20170324,100915,1125.260000000,1877
RTSI,0,20170324,100916,1125.260000000,6417
RTSI,0,20170324,100917,1125.260000000,51
RTSI,0,20170324,100918,1125.290000000,2692
RTSI,0,20170324,100919,1125.180000000,23411
RTSI,0,20170324,100920,1125.170000000,399
RTSI,0,20170324,100922,1125.120000000,3861
RTSI,0,20170324,100923,1125.050000000,12426
RTSI,0,20170324,100924,1125.100000000,4132
RTSI,0,20170324,100925,1125.090000000,0
RTSI,0,20170324,100926,1125.110000000,80734
RTSI,0,20170324,100927,1125.110000000,35
RTSI,0,20170324,100928,1125.100000000,19682
RTSI,0,20170324,100929,1125.070000000,1028
RTSI,0,20170324,100930,1124.970000000,19218
RTSI,0,20170324,100931,1124.900000000,229075
RTSI,0,20170324,100932,1124.890000000,63854
RTSI,0,20170324,100934,1124.830000000,16082
RTSI,0,20170324,100935,1124.820000000,116
RTSI,0,20170324,100936,1124.800000000,4318
RTSI,0,20170324,100937,1124.850000000,5292
RTSI,0,20170324,100938,1124.780000000,2664
RTSI,0,20170324,100939,1124.840000000,86151
RTSI,0,20170324,100940,1124.810000000,3574
RTSI,0,20170324,100941,1124.830000000,1049
RTSI,0,20170324,100942,1124.800000000,7616
RTSI,0,20170324,100943,1124.790000000,348
RTSI,0,20170324,100944,1124.810000000,2793
RTSI,0,20170324,100945,1124.900000000,509
RTSI,0,20170324,100946,1124.900000000,0
RTSI,0,20170324,100947,1124.920000000,217
RTSI,0,20170324,100948,1124.930000000,3729
RTSI,0,20170324,100949,1124.920000000,1079
RTSI,0,20170324,100950,1124.920000000,17
RTSI,0,20170324,100951,1124.920000000,413
RTSI,0,20170324,100952,1124.950000000,1351
RTSI,0,20170324,100954,1124.930000000,1826
RTSI,0,20170324,100955,1124.930000000,296
RTSI,0,20170324,100956,1124.930000000,0
RTSI,0,20170324,100957,1124.940000000,15868
RTSI,0,20170324,100958,1124.940000000,1598
RTSI,0,20170324,100959,1124.940000000,3275
RTSI,0,20170324,101000,1124.840000000,977
RTSI,0,20170324,101001,1124.950000000,10312
RTSI,0,20170324,101002,1124.920000000,686
RTSI,0,20170324,101003,1124.910000000,0
RTSI,0,20170324,101004,1124.890000000,3195
RTSI,0,20170324,101005,1124.890000000,401
RTSI,0,20170324,101006,1124.890000000,5426
RTSI,0,20170324,101007,1124.910000000,1154
RTSI,0,20170324,101008,1124.920000000,12342
RTSI,0,20170324,101009,1124.900000000,19401
RTSI,0,20170324,101010,1124.930000000,623
RTSI,0,20170324,101011,1124.860000000,312
RTSI,0,20170324,101012,1124.850000000,954
RTSI,0,20170324,101013,1124.850000000,12
RTSI,0,20170324,101014,1124.870000000,3994
RTSI,0,20170324,101015,1124.860000000,3695
RTSI,0,20170324,101016,1124.850000000,186
RTSI,0,20170324,101017,1124.820000000,1292
RTSI,0,20170324,101018,1124.820000000,4767
RTSI,0,20170324,101019,1124.870000000,2088
RTSI,0,20170324,101020,1124.850000000,1403
RTSI,0,20170324,101022,1124.820000000,6968
RTSI,0,20170324,101023,1124.800000000,2129
RTSI,0,20170324,101024,1124.730000000,5425
RTSI,0,20170324,101025,1124.740000000,23
RTSI,0,20170324,101026,1124.740000000,254
RTSI,0,20170324,101027,1124.740000000,3330
RTSI,0,20170324,101028,1124.740000000,1461
RTSI,0,20170324,101029,1124.730000000,3740
RTSI,0,20170324,101030,1124.730000000,668
RTSI,0,20170324,101031,1124.730000000,5524
RTSI,0,20170324,101032,1124.720000000,7005
RTSI,0,20170324,101033,1124.720000000,0
RTSI,0,20170324,101034,1124.700000000,4968
RTSI,0,20170324,101035,1124.710000000,3
RTSI,0,20170324,101036,1124.710000000,169662
RTSI,0,20170324,101037,1124.700000000,459
RTSI,0,20170324,101038,1124.640000000,14855
RTSI,0,20170324,101039,1124.690000000,145
RTSI,0,20170324,101040,1124.690000000,2
RTSI,0,20170324,101041,1124.680000000,65
RTSI,0,20170324,101042,1124.670000000,3001
RTSI,0,20170324,101043,1124.690000000,1408
RTSI,0,20170324,101044,1124.720000000,339
RTSI,0,20170324,101045,1124.730000000,34
RTSI,0,20170324,101046,1124.750000000,238
RTSI,0,20170324,101047,1124.690000000,2026
RTSI,0,20170324,101048,1124.690000000,71
RTSI,0,20170324,101049,1124.730000000,2271
RTSI,0,20170324,101050,1124.740000000,85
RTSI,0,20170324,101051,1124.750000000,4429
RTSI,0,20170324,101052,1124.760000000,85
RTSI,0,20170324,101053,1124.720000000,15066
RTSI,0,20170324,101054,1124.730000000,51
RTSI,0,20170324,101055,1124.740000000,84
RTSI,0,20170324,101056,1124.750000000,2464
RTSI,0,20170324,101057,1124.760000000,11951
RTSI,0,20170324,101058,1124.760000000,13112
RTSI,0,20170324,101059,1124.730000000,226
RTSI,0,20170324,101100,1124.780000000,18662
RTSI,0,20170324,101101,1124.790000000,758
RTSI,0,20170324,101102,1124.780000000,14501
RTSI,0,20170324,101103,1124.790000000,2366
RTSI,0,20170324,101104,1124.770000000,2739
RTSI,0,20170324,101105,1124.810000000,231
RTSI,0,20170324,101106,1124.810000000,39397
RTSI,0,20170324,101107,1124.820000000,12309
RTSI,0,20170324,101108,1124.820000000,120
RTSI,0,20170324,101109,1124.840000000,1097
RTSI,0,20170324,101110,1124.850000000,68
RTSI,0,20170324,101111,1124.880000000,2991
RTSI,0,20170324,101112,1124.890000000,7164
RTSI,0,20170324,101114,1124.920000000,8535
RTSI,0,20170324,101115,1124.980000000,4207
RTSI,0,20170324,101116,1125.000000000,10860
RTSI,0,20170324,101117,1125.000000000,15532
RTSI,0,20170324,101118,1125.000000000,648
RTSI,0,20170324,101119,1124.980000000,11713
RTSI,0,20170324,101120,1124.990000000,368
RTSI,0,20170324,101121,1125.010000000,244
RTSI,0,20170324,101122,1124.990000000,9055
RTSI,0,20170324,101123,1124.940000000,8173
RTSI,0,20170324,101124,1124.930000000,1580
RTSI,0,20170324,101125,1124.930000000,1214
RTSI,0,20170324,101126,1124.920000000,6987
RTSI,0,20170324,101127,1124.910000000,29419
RTSI,0,20170324,101128,1124.900000000,1770
RTSI,0,20170324,101129,1124.970000000,17079
RTSI,0,20170324,101130,1124.980000000,160
RTSI,0,20170324,101131,1124.990000000,259
RTSI,0,20170324,101132,1124.990000000,286
RTSI,0,20170324,101133,1124.930000000,10616
RTSI,0,20170324,101134,1124.950000000,8504
RTSI,0,20170324,101135,1124.900000000,4019
RTSI,0,20170324,101136,1124.930000000,12962
RTSI,0,20170324,101137,1124.940000000,105
RTSI,0,20170324,101138,1124.890000000,5990
RTSI,0,20170324,101139,1124.930000000,4594
RTSI,0,20170324,101140,1124.930000000,1831
RTSI,0,20170324,101141,1124.880000000,79
RTSI,0,20170324,101142,1124.880000000,2720
RTSI,0,20170324,101143,1124.870000000,6603
RTSI,0,20170324,101144,1124.750000000,16397
RTSI,0,20170324,101145,1124.790000000,1387
RTSI,0,20170324,101146,1124.760000000,3035
RTSI,0,20170324,101147,1124.800000000,187
RTSI,0,20170324,101148,1124.800000000,5168
RTSI,0,20170324,101149,1124.800000000,333
RTSI,0,20170324,101150,1124.790000000,4036
RTSI,0,20170324,101151,1124.790000000,0
RTSI,0,20170324,101152,1124.800000000,548
RTSI,0,20170324,101153,1124.800000000,2850
RTSI,0,20170324,101154,1124.780000000,9605
RTSI,0,20170324,101155,1124.800000000,16339
RTSI,0,20170324,101156,1124.770000000,416
RTSI,0,20170324,101157,1124.600000000,131055
RTSI,0,20170324,101159,1124.850000000,53541
RTSI,0,20170324,101200,1124.720000000,2818
RTSI,0,20170324,101201,1124.700000000,14123
RTSI,0,20170324,101202,1124.770000000,983
RTSI,0,20170324,101203,1124.770000000,184
RTSI,0,20170324,101204,1124.750000000,259
RTSI,0,20170324,101205,1124.790000000,2944
RTSI,0,20170324,101206,1124.800000000,1154
RTSI,0,20170324,101207,1124.790000000,3454
RTSI,0,20170324,101208,1124.870000000,31265
RTSI,0,20170324,101209,1124.860000000,129
RTSI,0,20170324,101210,1124.910000000,2275
RTSI,0,20170324,101211,1124.820000000,2204
RTSI,0,20170324,101212,1124.750000000,7243
RTSI,0,20170324,101213,1124.770000000,7798
RTSI,0,20170324,101214,1124.760000000,162
RTSI,0,20170324,101215,1124.780000000,1725
RTSI,0,20170324,101216,1124.790000000,1602
RTSI,0,20170324,101217,1124.790000000,228
RTSI,0,20170324,101218,1124.710000000,681
RTSI,0,20170324,101219,1124.700000000,3900
RTSI,0,20170324,101220,1124.650000000,11348
RTSI,0,20170324,101221,1124.650000000,140
RTSI,0,20170324,101222,1124.660000000,4513
RTSI,0,20170324,101223,1124.660000000,2573
RTSI,0,20170324,101224,1124.620000000,28713
RTSI,0,20170324,101225,1124.610000000,5787
RTSI,0,20170324,101226,1124.610000000,804
RTSI,0,20170324,101227,1124.710000000,16722
RTSI,0,20170324,101229,1124.740000000,393
RTSI,0,20170324,101230,1124.820000000,10773
RTSI,0,20170324,101231,1124.710000000,2631
RTSI,0,20170324,101232,1124.710000000,53
RTSI,0,20170324,101233,1124.740000000,17867
RTSI,0,20170324,101234,1124.730000000,1767
RTSI,0,20170324,101235,1124.730000000,0
RTSI,0,20170324,101236,1124.730000000,1605
RTSI,0,20170324,101237,1124.730000000,0
RTSI,0,20170324,101238,1124.730000000,7226
RTSI,0,20170324,101239,1124.780000000,185
RTSI,0,20170324,101240,1124.790000000,1870
RTSI,0,20170324,101241,1124.780000000,264
RTSI,0,20170324,101242,1124.800000000,164
RTSI,0,20170324,101243,1124.790000000,3565
RTSI,0,20170324,101244,1124.720000000,3036
RTSI,0,20170324,101246,1124.690000000,4676
RTSI,0,20170324,101247,1124.660000000,16141
RTSI,0,20170324,101248,1124.650000000,26
RTSI,0,20170324,101249,1124.580000000,8636
RTSI,0,20170324,101250,1124.570000000,0
RTSI,0,20170324,101251,1124.580000000,5055
RTSI,0,20170324,101252,1124.570000000,121
RTSI,0,20170324,101253,1124.550000000,6026
RTSI,0,20170324,101254,1124.560000000,430
RTSI,0,20170324,101255,1124.600000000,37445
RTSI,0,20170324,101256,1124.760000000,11102
RTSI,0,20170324,101257,1124.790000000,500
RTSI,0,20170324,101258,1124.820000000,7294
RTSI,0,20170324,101259,1124.810000000,1575
RTSI,0,20170324,101300,1124.810000000,2926
RTSI,0,20170324,101301,1124.840000000,7870
RTSI,0,20170324,101302,1124.830000000,3114
RTSI,0,20170324,101303,1124.830000000,2297
RTSI,0,20170324,101304,1124.840000000,1823
RTSI,0,20170324,101305,1124.810000000,3129
RTSI,0,20170324,101306,1124.800000000,0
RTSI,0,20170324,101307,1124.780000000,464
RTSI,0,20170324,101308,1124.750000000,10142
RTSI,0,20170324,101309,1124.740000000,7669
RTSI,0,20170324,101310,1124.740000000,577
RTSI,0,20170324,101311,1124.720000000,13293
RTSI,0,20170324,101312,1124.680000000,158
RTSI,0,20170324,101313,1124.680000000,7215
RTSI,0,20170324,101314,1124.660000000,48
RTSI,0,20170324,101315,1124.680000000,173
RTSI,0,20170324,101316,1124.650000000,1713
RTSI,0,20170324,101317,1124.640000000,48
RTSI,0,20170324,101318,1124.630000000,11889
RTSI,0,20170324,101319,1124.590000000,9456
RTSI,0,20170324,101320,1124.650000000,2683
RTSI,0,20170324,101321,1124.640000000,0
RTSI,0,20170324,101322,1124.650000000,3826
RTSI,0,20170324,101323,1124.640000000,97
RTSI,0,20170324,101324,1124.620000000,14
RTSI,0,20170324,101325,1124.670000000,3785
RTSI,0,20170324,101326,1124.700000000,7425
RTSI,0,20170324,101327,1124.720000000,1697
RTSI,0,20170324,101328,1124.710000000,70
RTSI,0,20170324,101329,1124.720000000,5937
RTSI,0,20170324,101330,1124.710000000,0
RTSI,0,20170324,101331,1124.680000000,140
RTSI,0,20170324,101332,1124.680000000,2824
RTSI,0,20170324,101333,1124.670000000,0
RTSI,0,20170324,101335,1124.730000000,33060
RTSI,0,20170324,101336,1124.750000000,1826
RTSI,0,20170324,101338,1124.740000000,4050
RTSI,0,20170324,101339,1124.730000000,234
RTSI,0,20170324,101340,1124.740000000,1067
RTSI,0,20170324,101341,1124.720000000,4690
RTSI,0,20170324,101342,1124.720000000,165
RTSI,0,20170324,101343,1124.710000000,0
RTSI,0,20170324,101344,1124.710000000,0
RTSI,0,20170324,101345,1124.780000000,142
RTSI,0,20170324,101346,1124.770000000,4861
RTSI,0,20170324,101347,1124.870000000,19758
RTSI,0,20170324,101348,1124.860000000,410
RTSI,0,20170324,101349,1124.890000000,2669
RTSI,0,20170324,101350,1124.890000000,3815
RTSI,0,20170324,101351,1124.770000000,3430
RTSI,0,20170324,101352,1124.770000000,146
RTSI,0,20170324,101353,1124.760000000,1191
RTSI,0,20170324,101354,1124.760000000,3450
RTSI,0,20170324,101355,1124.760000000,1520
RTSI,0,20170324,101356,1124.770000000,25
RTSI,0,20170324,101357,1124.780000000,2898
RTSI,0,20170324,101358,1124.790000000,5
RTSI,0,20170324,101359,1124.790000000,0
RTSI,0,20170324,101400,1124.830000000,6421
RTSI,0,20170324,101401,1124.800000000,292
RTSI,0,20170324,101402,1124.790000000,1531
RTSI,0,20170324,101403,1124.760000000,9238
RTSI,0,20170324,101404,1124.750000000,155
RTSI,0,20170324,101405,1124.750000000,7049
RTSI,0,20170324,101406,1124.840000000,798
RTSI,0,20170324,101407,1124.820000000,2359
RTSI,0,20170324,101408,1124.750000000,27200
RTSI,0,20170324,101409,1124.750000000,0
RTSI,0,20170324,101410,1124.720000000,13232
RTSI,0,20170324,101411,1124.750000000,9409
RTSI,0,20170324,101412,1124.750000000,16646
RTSI,0,20170324,101413,1124.750000000,2675
RTSI,0,20170324,101414,1124.730000000,900
RTSI,0,20170324,101415,1124.730000000,829
RTSI,0,20170324,101416,1124.730000000,144
RTSI,0,20170324,101417,1124.730000000,2049
RTSI,0,20170324,101418,1124.730000000,925
RTSI,0,20170324,101419,1124.730000000,1911
RTSI,0,20170324,101420,1124.730000000,2403
RTSI,0,20170324,101421,1124.730000000,1452
RTSI,0,20170324,101422,1124.780000000,16749
RTSI,0,20170324,101423,1124.780000000,12394
RTSI,0,20170324,101424,1124.790000000,6616
RTSI,0,20170324,101425,1124.800000000,1724
RTSI,0,20170324,101426,1124.800000000,7096
RTSI,0,20170324,101427,1124.710000000,73874
RTSI,0,20170324,101428,1124.720000000,13079
RTSI,0,20170324,101430,1124.730000000,26264
RTSI,0,20170324,101431,1124.760000000,4263
RTSI,0,20170324,101432,1124.760000000,1506
RTSI,0,20170324,101433,1124.750000000,22916
RTSI,0,20170324,101434,1124.760000000,13802
RTSI,0,20170324,101435,1124.700000000,6015
RTSI,0,20170324,101436,1124.700000000,19
RTSI,0,20170324,101437,1124.800000000,1156
RTSI,0,20170324,101438,1124.870000000,16962
RTSI,0,20170324,101439,1124.870000000,269
RTSI,0,20170324,101440,1124.880000000,705
RTSI,0,20170324,101441,1124.900000000,105486
RTSI,0,20170324,101442,1124.890000000,4222
RTSI,0,20170324,101444,1124.900000000,4817
RTSI,0,20170324,101445,1124.900000000,13861
RTSI,0,20170324,101446,1124.900000000,1923
RTSI,0,20170324,101447,1124.900000000,1409
RTSI,0,20170324,101448,1124.900000000,221
RTSI,0,20170324,101449,1124.910000000,3415
RTSI,0,20170324,101450,1124.980000000,1717
RTSI,0,20170324,101451,1124.980000000,2168
RTSI,0,20170324,101452,1124.980000000,504
RTSI,0,20170324,101453,1124.980000000,5013
RTSI,0,20170324,101454,1124.980000000,369
RTSI,0,20170324,101455,1124.990000000,24672
RTSI,0,20170324,101456,1124.980000000,2107
RTSI,0,20170324,101457,1124.990000000,11340
RTSI,0,20170324,101458,1124.990000000,12119
RTSI,0,20170324,101459,1124.990000000,1707
RTSI,0,20170324,101500,1125.000000000,350
RTSI,0,20170324,101501,1125.010000000,5331
RTSI,0,20170324,101502,1125.010000000,354
RTSI,0,20170324,101503,1125.010000000,366
RTSI,0,20170324,101504,1125.020000000,5636
RTSI,0,20170324,101505,1124.960000000,740
RTSI,0,20170324,101506,1125.020000000,22186
RTSI,0,20170324,101507,1125.020000000,1191
RTSI,0,20170324,101508,1125.020000000,561
RTSI,0,20170324,101509,1125.010000000,7932
RTSI,0,20170324,101510,1125.030000000,56
RTSI,0,20170324,101511,1125.030000000,203
RTSI,0,20170324,101512,1125.040000000,5288
RTSI,0,20170324,101513,1125.020000000,4345
RTSI,0,20170324,101514,1125.100000000,27636
RTSI,0,20170324,101515,1125.100000000,0
RTSI,0,20170324,101516,1125.090000000,2886
RTSI,0,20170324,101517,1125.110000000,110581
RTSI,0,20170324,101518,1125.240000000,79562
RTSI,0,20170324,101519,1125.250000000,2197
RTSI,0,20170324,101520,1125.260000000,13690
RTSI,0,20170324,101521,1125.300000000,9553
RTSI,0,20170324,101522,1125.300000000,416
RTSI,0,20170324,101523,1125.300000000,8362
RTSI,0,20170324,101524,1125.240000000,6184
RTSI,0,20170324,101525,1125.260000000,6279
RTSI,0,20170324,101526,1125.210000000,3514
RTSI,0,20170324,101527,1125.210000000,0
RTSI,0,20170324,101528,1125.200000000,19
RTSI,0,20170324,101529,1125.190000000,5361
RTSI,0,20170324,101530,1125.150000000,9713
RTSI,0,20170324,101531,1125.000000000,0
RTSI,0,20170324,101532,1125.030000000,735
RTSI,0,20170324,101533,1125.020000000,208
RTSI,0,20170324,101534,1124.960000000,258
RTSI,0,20170324,101535,1124.960000000,278
RTSI,0,20170324,101536,1124.950000000,52
RTSI,0,20170324,101537,1124.940000000,9956
RTSI,0,20170324,101538,1124.930000000,2511
RTSI,0,20170324,101539,1124.920000000,34435
RTSI,0,20170324,101540,1124.910000000,25519
RTSI,0,20170324,101541,1124.900000000,319
RTSI,0,20170324,101542,1124.890000000,392
RTSI,0,20170324,101543,1124.890000000,14728
RTSI,0,20170324,101544,1124.890000000,527
RTSI,0,20170324,101545,1124.880000000,3465
RTSI,0,20170324,101546,1124.960000000,2971
RTSI,0,20170324,101547,1124.900000000,1415
RTSI,0,20170324,101548,1124.900000000,118
RTSI,0,20170324,101549,1124.890000000,251
RTSI,0,20170324,101550,1124.880000000,2772
RTSI,0,20170324,101551,1124.880000000,85
RTSI,0,20170324,101552,1124.870000000,887
RTSI,0,20170324,101554,1124.850000000,5797
RTSI,0,20170324,101555,1124.780000000,0
RTSI,0,20170324,101556,1124.770000000,834
RTSI,0,20170324,101557,1124.810000000,609
RTSI,0,20170324,101558,1124.810000000,164
RTSI,0,20170324,101559,1124.800000000,0
RTSI,0,20170324,101600,1124.780000000,1697
RTSI,0,20170324,101601,1124.780000000,7105
RTSI,0,20170324,101602,1124.770000000,5257
RTSI,0,20170324,101603,1124.770000000,15488
RTSI,0,20170324,101604,1124.790000000,1866
RTSI,0,20170324,101605,1124.790000000,0
RTSI,0,20170324,101606,1124.780000000,0
RTSI,0,20170324,101607,1124.770000000,0
RTSI,0,20170324,101608,1124.810000000,1869
RTSI,0,20170324,101609,1124.800000000,5150
RTSI,0,20170324,101610,1124.800000000,909
RTSI,0,20170324,101611,1124.750000000,0
RTSI,0,20170324,101612,1124.730000000,1155
RTSI,0,20170324,101613,1124.740000000,188
RTSI,0,20170324,101614,1124.800000000,1177
RTSI,0,20170324,101615,1124.840000000,0
RTSI,0,20170324,101616,1124.850000000,0
RTSI,0,20170324,101617,1124.850000000,3512
RTSI,0,20170324,101618,1124.840000000,915
RTSI,0,20170324,101619,1124.850000000,39
RTSI,0,20170324,101620,1124.840000000,13124
RTSI,0,20170324,101622,1124.840000000,2118
RTSI,0,20170324,101624,1124.840000000,27558
RTSI,0,20170324,101625,1124.860000000,2752
RTSI,0,20170324,101626,1124.870000000,869
RTSI,0,20170324,101627,1124.790000000,1350
RTSI,0,20170324,101628,1124.780000000,210
RTSI,0,20170324,101629,1124.810000000,1461
RTSI,0,20170324,101630,1124.750000000,9885
RTSI,0,20170324,101631,1124.750000000,453
RTSI,0,20170324,101632,1124.720000000,558
RTSI,0,20170324,101633,1124.710000000,325
RTSI,0,20170324,101634,1124.710000000,480
RTSI,0,20170324,101635,1124.660000000,8491
RTSI,0,20170324,101636,1124.670000000,6496
RTSI,0,20170324,101637,1124.660000000,4901
RTSI,0,20170324,101638,1124.780000000,98664
RTSI,0,20170324,101639,1124.780000000,24705
RTSI,0,20170324,101640,1124.800000000,407
RTSI,0,20170324,101642,1124.840000000,11646
RTSI,0,20170324,101643,1124.830000000,0
RTSI,0,20170324,101644,1124.830000000,2241
RTSI,0,20170324,101645,1124.820000000,2082
RTSI,0,20170324,101646,1124.750000000,3959
RTSI,0,20170324,101647,1124.760000000,16059
RTSI,0,20170324,101648,1124.760000000,2278
RTSI,0,20170324,101649,1124.750000000,2105
RTSI,0,20170324,101650,1124.750000000,0
RTSI,0,20170324,101651,1124.750000000,0
RTSI,0,20170324,101652,1124.750000000,7866
RTSI,0,20170324,101653,1124.770000000,307
RTSI,0,20170324,101654,1124.730000000,4924
RTSI,0,20170324,101655,1123.510000000,264285
RTSI,0,20170324,101656,1123.480000000,6827
RTSI,0,20170324,101657,1123.490000000,3568
RTSI,0,20170324,101658,1123.580000000,4651
RTSI,0,20170324,101700,1123.570000000,5638
RTSI,0,20170324,101701,1123.560000000,35239
RTSI,0,20170324,101702,1123.530000000,2459
RTSI,0,20170324,101703,1123.450000000,1428
RTSI,0,20170324,101704,1123.450000000,4478
RTSI,0,20170324,101705,1123.500000000,178
RTSI,0,20170324,101706,1123.530000000,5699
RTSI,0,20170324,101707,1123.530000000,18
RTSI,0,20170324,101708,1123.520000000,3328
RTSI,0,20170324,101709,1123.580000000,169
RTSI,0,20170324,101710,1123.520000000,16859
RTSI,0,20170324,101711,1123.510000000,739
RTSI,0,20170324,101712,1123.490000000,3178
RTSI,0,20170324,101713,1123.560000000,279
RTSI,0,20170324,101714,1123.550000000,0
RTSI,0,20170324,101715,1123.560000000,482
RTSI,0,20170324,101716,1123.540000000,3575
RTSI,0,20170324,101717,1123.540000000,347
RTSI,0,20170324,101718,1123.540000000,6676
RTSI,0,20170324,101719,1123.530000000,11345
RTSI,0,20170324,101720,1123.540000000,409
RTSI,0,20170324,101721,1123.540000000,7768
RTSI,0,20170324,101722,1123.540000000,1579
RTSI,0,20170324,101723,1123.600000000,1462
RTSI,0,20170324,101724,1123.610000000,44
RTSI,0,20170324,101725,1123.630000000,11093
RTSI,0,20170324,101726,1123.620000000,12465
RTSI,0,20170324,101727,1123.640000000,547
RTSI,0,20170324,101728,1123.630000000,2360
RTSI,0,20170324,101729,1123.660000000,1042
RTSI,0,20170324,101730,1123.660000000,3192
RTSI,0,20170324,101731,1123.670000000,118
RTSI,0,20170324,101732,1123.740000000,7081
RTSI,0,20170324,101733,1123.750000000,2855
RTSI,0,20170324,101734,1123.750000000,7556
RTSI,0,20170324,101735,1123.750000000,19
RTSI,0,20170324,101736,1123.740000000,3713
RTSI,0,20170324,101737,1123.840000000,309
RTSI,0,20170324,101738,1123.840000000,293
RTSI,0,20170324,101740,1123.860000000,4388
RTSI,0,20170324,101741,1123.870000000,2334
RTSI,0,20170324,101742,1123.880000000,7305
RTSI,0,20170324,101743,1123.870000000,14145
RTSI,0,20170324,101744,1123.850000000,34486
RTSI,0,20170324,101745,1123.850000000,146
RTSI,0,20170324,101747,1123.840000000,43179
RTSI,0,20170324,101748,1123.870000000,1257
RTSI,0,20170324,101749,1123.860000000,37781
RTSI,0,20170324,101750,1123.860000000,28831
RTSI,0,20170324,101751,1123.850000000,732
RTSI,0,20170324,101752,1123.860000000,2829
RTSI,0,20170324,101753,1123.860000000,1818
RTSI,0,20170324,101754,1123.870000000,3437
RTSI,0,20170324,101755,1123.880000000,744
RTSI,0,20170324,101757,1123.830000000,4795
RTSI,0,20170324,101758,1123.850000000,1666
RTSI,0,20170324,101759,1123.900000000,1600
RTSI,0,20170324,101800,1123.870000000,9150
RTSI,0,20170324,101801,1123.870000000,10601
RTSI,0,20170324,101802,1123.880000000,5989
RTSI,0,20170324,101803,1123.890000000,265
RTSI,0,20170324,101804,1123.970000000,316
RTSI,0,20170324,101805,1123.960000000,157
RTSI,0,20170324,101806,1124.060000000,1674
RTSI,0,20170324,101807,1124.050000000,52
RTSI,0,20170324,101808,1124.060000000,154
RTSI,0,20170324,101809,1124.090000000,9247
RTSI,0,20170324,101810,1123.940000000,50480
RTSI,0,20170324,101811,1123.870000000,3954
RTSI,0,20170324,101812,1123.870000000,103
RTSI,0,20170324,101813,1123.800000000,8051
RTSI,0,20170324,101814,1123.820000000,5423
RTSI,0,20170324,101815,1123.780000000,1826
RTSI,0,20170324,101816,1123.790000000,1186
RTSI,0,20170324,101817,1123.790000000,1344
RTSI,0,20170324,101818,1123.800000000,4388
RTSI,0,20170324,101819,1123.780000000,8636
RTSI,0,20170324,101820,1123.760000000,178
RTSI,0,20170324,101821,1123.740000000,7216
RTSI,0,20170324,101822,1123.710000000,1873
RTSI,0,20170324,101823,1123.710000000,18189
RTSI,0,20170324,101824,1123.700000000,2304
RTSI,0,20170324,101825,1123.710000000,3565
RTSI,0,20170324,101826,1123.650000000,805
RTSI,0,20170324,101827,1123.620000000,2336
RTSI,0,20170324,101828,1123.560000000,2911
RTSI,0,20170324,101829,1123.550000000,1559
RTSI,0,20170324,101830,1123.550000000,697
RTSI,0,20170324,101831,1123.540000000,3495
RTSI,0,20170324,101832,1123.520000000,7230
RTSI,0,20170324,101833,1123.580000000,3499
RTSI,0,20170324,101834,1123.590000000,49651
RTSI,0,20170324,101835,1123.580000000,24978
RTSI,0,20170324,101837,1123.560000000,7689
RTSI,0,20170324,101838,1123.560000000,2576
RTSI,0,20170324,101839,1123.560000000,1004
RTSI,0,20170324,101840,1123.560000000,0
RTSI,0,20170324,101841,1123.550000000,34011
RTSI,0,20170324,101842,1123.570000000,3270
RTSI,0,20170324,101843,1123.570000000,0
RTSI,0,20170324,101844,1123.570000000,42058
RTSI,0,20170324,101845,1123.570000000,1377
RTSI,0,20170324,101846,1123.560000000,13972
RTSI,0,20170324,101847,1123.550000000,585
RTSI,0,20170324,101848,1123.630000000,589
RTSI,0,20170324,101849,1123.630000000,3283
RTSI,0,20170324,101851,1123.620000000,1088
RTSI,0,20170324,101852,1123.620000000,8174
RTSI,0,20170324,101853,1123.520000000,5324
RTSI,0,20170324,101854,1123.520000000,5790
RTSI,0,20170324,101855,1123.510000000,5572
RTSI,0,20170324,101856,1123.520000000,779
RTSI,0,20170324,101857,1123.500000000,24867
RTSI,0,20170324,101858,1123.500000000,1656
RTSI,0,20170324,101859,1123.500000000,231
RTSI,0,20170324,101900,1123.510000000,461
RTSI,0,20170324,101901,1123.500000000,6491
RTSI,0,20170324,101902,1123.580000000,10345
RTSI,0,20170324,101903,1123.590000000,4450
RTSI,0,20170324,101904,1123.570000000,27145
RTSI,0,20170324,101905,1123.630000000,14272
RTSI,0,20170324,101906,1123.630000000,2922
RTSI,0,20170324,101907,1123.650000000,9823
RTSI,0,20170324,101908,1123.650000000,68
RTSI,0,20170324,101909,1123.650000000,5345
RTSI,0,20170324,101910,1123.710000000,9503
RTSI,0,20170324,101911,1123.720000000,115
RTSI,0,20170324,101912,1123.740000000,915
RTSI,0,20170324,101913,1123.750000000,6001
RTSI,0,20170324,101914,1123.760000000,1411
RTSI,0,20170324,101915,1123.790000000,135
RTSI,0,20170324,101916,1123.790000000,1454
RTSI,0,20170324,101917,1123.800000000,1165
RTSI,0,20170324,101918,1123.820000000,1011
RTSI,0,20170324,101919,1123.830000000,1388
RTSI,0,20170324,101920,1123.810000000,42
RTSI,0,20170324,101921,1123.830000000,13020
RTSI,0,20170324,101922,1123.840000000,1731
RTSI,0,20170324,101923,1123.860000000,2984
RTSI,0,20170324,101925,1123.910000000,7345
RTSI,0,20170324,101926,1123.930000000,20887
RTSI,0,20170324,101927,1123.950000000,185
RTSI,0,20170324,101928,1123.960000000,338
RTSI,0,20170324,101929,1123.980000000,214
RTSI,0,20170324,101930,1123.990000000,186
RTSI,0,20170324,101931,1124.030000000,16422
RTSI,0,20170324,101932,1124.050000000,6822
RTSI,0,20170324,101933,1124.110000000,1584
RTSI,0,20170324,101934,1124.120000000,8002
RTSI,0,20170324,101935,1124.140000000,2232
RTSI,0,20170324,101936,1124.150000000,206
RTSI,0,20170324,101937,1124.160000000,116
RTSI,0,20170324,101938,1124.190000000,2443
RTSI,0,20170324,101939,1124.190000000,2470
RTSI,0,20170324,101940,1124.200000000,374
RTSI,0,20170324,101941,1124.220000000,139
RTSI,0,20170324,101942,1124.220000000,311
RTSI,0,20170324,101943,1124.230000000,163
RTSI,0,20170324,101944,1124.270000000,1768
RTSI,0,20170324,101945,1124.320000000,29084
RTSI,0,20170324,101946,1124.330000000,468
RTSI,0,20170324,101947,1124.280000000,10600
RTSI,0,20170324,101948,1124.340000000,3537
RTSI,0,20170324,101949,1124.250000000,39458
RTSI,0,20170324,101950,1124.250000000,34
RTSI,0,20170324,101951,1124.270000000,235
RTSI,0,20170324,101952,1124.280000000,8363
RTSI,0,20170324,101953,1124.310000000,193
RTSI,0,20170324,101954,1124.320000000,3518
RTSI,0,20170324,101955,1124.430000000,702
RTSI,0,20170324,101956,1124.440000000,1487
RTSI,0,20170324,101957,1124.420000000,1144
RTSI,0,20170324,101958,1124.440000000,5308
RTSI,0,20170324,101959,1124.440000000,2165
RTSI,0,20170324,102000,1124.450000000,1434
RTSI,0,20170324,102001,1124.460000000,6970
RTSI,0,20170324,102002,1124.410000000,27892
RTSI,0,20170324,102003,1124.420000000,4434
RTSI,0,20170324,102004,1124.420000000,24017
RTSI,0,20170324,102005,1124.440000000,8597
RTSI,0,20170324,102006,1124.470000000,3991
RTSI,0,20170324,102007,1124.500000000,304
RTSI,0,20170324,102008,1124.530000000,487
RTSI,0,20170324,102009,1124.540000000,3666
RTSI,0,20170324,102010,1124.540000000,4408
RTSI,0,20170324,102011,1124.580000000,219
RTSI,0,20170324,102012,1124.580000000,35
RTSI,0,20170324,102013,1124.590000000,727
RTSI,0,20170324,102014,1124.600000000,3501
RTSI,0,20170324,102015,1124.570000000,7793
RTSI,0,20170324,102016,1124.580000000,71
RTSI,0,20170324,102017,1124.540000000,248
RTSI,0,20170324,102018,1124.610000000,5195
RTSI,0,20170324,102019,1124.600000000,2250
RTSI,0,20170324,102020,1124.610000000,2372
RTSI,0,20170324,102021,1124.610000000,8426
RTSI,0,20170324,102022,1124.620000000,47
RTSI,0,20170324,102023,1124.590000000,488
RTSI,0,20170324,102024,1124.590000000,43
RTSI,0,20170324,102025,1124.580000000,6398
RTSI,0,20170324,102026,1124.580000000,43
RTSI,0,20170324,102027,1124.490000000,6971
RTSI,0,20170324,102028,1124.510000000,3494
RTSI,0,20170324,102029,1124.500000000,18
RTSI,0,20170324,102030,1124.540000000,1159
RTSI,0,20170324,102031,1124.550000000,3528
RTSI,0,20170324,102032,1124.560000000,7383
RTSI,0,20170324,102033,1124.540000000,3898
RTSI,0,20170324,102034,1124.540000000,467
RTSI,0,20170324,102035,1124.480000000,1980
RTSI,0,20170324,102036,1124.450000000,18490
RTSI,0,20170324,102037,1124.460000000,191
RTSI,0,20170324,102038,1124.470000000,3983
RTSI,0,20170324,102039,1124.500000000,13038
RTSI,0,20170324,102040,1124.510000000,5711
RTSI,0,20170324,102041,1124.510000000,13862
RTSI,0,20170324,102042,1124.520000000,1881
RTSI,0,20170324,102044,1124.530000000,7061
RTSI,0,20170324,102045,1124.530000000,1553
RTSI,0,20170324,102046,1124.540000000,242
RTSI,0,20170324,102047,1124.540000000,243
RTSI,0,20170324,102048,1124.530000000,466
RTSI,0,20170324,102049,1124.470000000,2550
RTSI,0,20170324,102050,1124.470000000,4674
RTSI,0,20170324,102051,1124.530000000,210
RTSI,0,20170324,102052,1124.540000000,268
RTSI,0,20170324,102053,1124.540000000,1955
RTSI,0,20170324,102054,1124.560000000,448
RTSI,0,20170324,102055,1124.560000000,259
RTSI,0,20170324,102056,1124.590000000,18429
RTSI,0,20170324,102057,1124.610000000,2767
RTSI,0,20170324,102058,1124.640000000,1145
RTSI,0,20170324,102059,1124.650000000,179
RTSI,0,20170324,102100,1124.660000000,179
RTSI,0,20170324,102101,1124.670000000,3174
RTSI,0,20170324,102102,1124.670000000,390
RTSI,0,20170324,102103,1124.690000000,4332
RTSI,0,20170324,102104,1124.680000000,208
RTSI,0,20170324,102105,1124.720000000,301
RTSI,0,20170324,102106,1124.710000000,127
RTSI,0,20170324,102107,1124.710000000,2127
RTSI,0,20170324,102108,1124.700000000,127
RTSI,0,20170324,102109,1124.720000000,24684
RTSI,0,20170324,102110,1124.720000000,4153
RTSI,0,20170324,102111,1124.710000000,986
RTSI,0,20170324,102112,1124.730000000,16035
RTSI,0,20170324,102113,1124.730000000,31
RTSI,0,20170324,102114,1124.770000000,2744
RTSI,0,20170324,102115,1124.780000000,3341
RTSI,0,20170324,102116,1124.770000000,7734
RTSI,0,20170324,102117,1124.780000000,262
RTSI,0,20170324,102118,1124.680000000,11344
RTSI,0,20170324,102119,1124.680000000,19
RTSI,0,20170324,102120,1124.670000000,2514
RTSI,0,20170324,102121,1124.670000000,507
RTSI,0,20170324,102122,1124.680000000,41
RTSI,0,20170324,102124,1124.680000000,324
RTSI,0,20170324,102125,1124.690000000,2293
RTSI,0,20170324,102126,1124.670000000,14183
RTSI,0,20170324,102127,1124.670000000,40
RTSI,0,20170324,102128,1124.720000000,148
RTSI,0,20170324,102129,1124.730000000,179
RTSI,0,20170324,102130,1124.700000000,9599
RTSI,0,20170324,102131,1124.650000000,598
RTSI,0,20170324,102132,1124.640000000,259
RTSI,0,20170324,102133,1124.630000000,0
RTSI,0,20170324,102134,1124.610000000,349
RTSI,0,20170324,102135,1124.610000000,0
RTSI,0,20170324,102136,1124.600000000,369
RTSI,0,20170324,102137,1124.560000000,50
RTSI,0,20170324,102138,1124.560000000,167
RTSI,0,20170324,102139,1124.550000000,0
RTSI,0,20170324,102140,1124.540000000,1084
RTSI,0,20170324,102141,1124.530000000,55
RTSI,0,20170324,102142,1124.510000000,3549
RTSI,0,20170324,102143,1124.470000000,7150
RTSI,0,20170324,102144,1124.470000000,160
RTSI,0,20170324,102145,1124.430000000,4123
RTSI,0,20170324,102146,1124.370000000,201
RTSI,0,20170324,102147,1124.360000000,0
RTSI,0,20170324,102148,1124.390000000,2390
RTSI,0,20170324,102149,1124.380000000,21401
RTSI,0,20170324,102150,1124.360000000,2296
RTSI,0,20170324,102151,1124.410000000,1344
RTSI,0,20170324,102152,1124.390000000,1010
RTSI,0,20170324,102153,1124.350000000,2641
RTSI,0,20170324,102154,1124.330000000,254
RTSI,0,20170324,102155,1124.300000000,2872
RTSI,0,20170324,102156,1124.290000000,746
RTSI,0,20170324,102157,1124.230000000,29813
RTSI,0,20170324,102158,1124.190000000,11604
RTSI,0,20170324,102159,1124.080000000,7503
RTSI,0,20170324,102200,1124.060000000,12424
RTSI,0,20170324,102201,1124.030000000,8291
RTSI,0,20170324,102202,1124.050000000,1350
RTSI,0,20170324,102203,1124.030000000,1102
RTSI,0,20170324,102204,1123.950000000,8299
RTSI,0,20170324,102205,1123.950000000,7897
RTSI,0,20170324,102206,1123.910000000,1561
RTSI,0,20170324,102207,1123.890000000,19100
RTSI,0,20170324,102208,1123.870000000,984
RTSI,0,20170324,102209,1123.890000000,387
RTSI,0,20170324,102210,1123.870000000,1604
RTSI,0,20170324,102211,1123.850000000,2564
RTSI,0,20170324,102212,1123.890000000,34432
RTSI,0,20170324,102213,1123.860000000,2379
RTSI,0,20170324,102214,1123.850000000,6543
RTSI,0,20170324,102215,1123.840000000,1796
RTSI,0,20170324,102216,1123.850000000,339
RTSI,0,20170324,102217,1123.850000000,1636
RTSI,0,20170324,102218,1123.840000000,417
RTSI,0,20170324,102219,1123.830000000,3500
RTSI,0,20170324,102220,1123.740000000,4786
RTSI,0,20170324,102221,1123.740000000,0
RTSI,0,20170324,102222,1123.730000000,0
RTSI,0,20170324,102223,1123.720000000,676
RTSI,0,20170324,102224,1123.720000000,712
RTSI,0,20170324,102225,1123.690000000,1321
RTSI,0,20170324,102226,1123.760000000,55
RTSI,0,20170324,102227,1123.740000000,21671
RTSI,0,20170324,102228,1123.660000000,2819
RTSI,0,20170324,102229,1123.660000000,34
RTSI,0,20170324,102230,1123.640000000,20433
RTSI,0,20170324,102231,1123.640000000,0
RTSI,0,20170324,102232,1123.550000000,1954
RTSI,0,20170324,102233,1123.560000000,2610
RTSI,0,20170324,102234,1123.550000000,4460
RTSI,0,20170324,102235,1123.530000000,14298
RTSI,0,20170324,102236,1123.540000000,1682
RTSI,0,20170324,102237,1123.540000000,15
RTSI,0,20170324,102238,1123.540000000,0
RTSI,0,20170324,102239,1123.550000000,6679
RTSI,0,20170324,102240,1123.580000000,52891
RTSI,0,20170324,102241,1123.540000000,9507
RTSI,0,20170324,102242,1123.660000000,28748
RTSI,0,20170324,102243,1123.630000000,7947
RTSI,0,20170324,102244,1123.660000000,144
RTSI,0,20170324,102245,1123.650000000,471
RTSI,0,20170324,102246,1123.640000000,4159
RTSI,0,20170324,102247,1123.640000000,240
RTSI,0,20170324,102248,1123.640000000,68
RTSI,0,20170324,102249,1123.590000000,293
RTSI,0,20170324,102250,1123.550000000,3144
RTSI,0,20170324,102251,1123.550000000,2548
RTSI,0,20170324,102252,1123.530000000,2638
RTSI,0,20170324,102253,1123.510000000,369
RTSI,0,20170324,102254,1123.490000000,7200
RTSI,0,20170324,102255,1123.490000000,1283
RTSI,0,20170324,102256,1123.490000000,0
RTSI,0,20170324,102257,1123.480000000,333
RTSI,0,20170324,102258,1123.450000000,8263
RTSI,0,20170324,102259,1123.450000000,4124
RTSI,0,20170324,102300,1123.440000000,215
RTSI,0,20170324,102301,1123.430000000,638
RTSI,0,20170324,102302,1123.420000000,3196
RTSI,0,20170324,102303,1123.340000000,24920
RTSI,0,20170324,102304,1123.330000000,2988
RTSI,0,20170324,102305,1123.360000000,7261
RTSI,0,20170324,102306,1123.370000000,20
RTSI,0,20170324,102307,1123.330000000,21741
RTSI,0,20170324,102308,1123.340000000,2985
RTSI,0,20170324,102309,1123.290000000,1992
RTSI,0,20170324,102310,1123.280000000,8998
RTSI,0,20170324,102311,1123.260000000,5677
RTSI,0,20170324,102312,1123.250000000,30109
RTSI,0,20170324,102313,1123.220000000,0
RTSI,0,20170324,102314,1123.210000000,156
RTSI,0,20170324,102315,1123.200000000,0
RTSI,0,20170324,102316,1123.190000000,625
RTSI,0,20170324,102317,1123.180000000,1226
RTSI,0,20170324,102318,1123.160000000,6058
RTSI,0,20170324,102319,1123.150000000,0
RTSI,0,20170324,102320,1123.150000000,1381
RTSI,0,20170324,102321,1123.220000000,6462
RTSI,0,20170324,102322,1123.210000000,3945
RTSI,0,20170324,102323,1123.060000000,25605
RTSI,0,20170324,102324,1123.090000000,14548
RTSI,0,20170324,102325,1123.070000000,838
RTSI,0,20170324,102326,1123.130000000,3375
RTSI,0,20170324,102327,1123.110000000,3344
RTSI,0,20170324,102328,1123.050000000,22610
RTSI,0,20170324,102329,1123.000000000,29223
RTSI,0,20170324,102330,1122.970000000,1100
RTSI,0,20170324,102331,1122.960000000,370
RTSI,0,20170324,102332,1122.930000000,13541
RTSI,0,20170324,102333,1122.920000000,9111
RTSI,0,20170324,102334,1122.910000000,1865
RTSI,0,20170324,102335,1122.890000000,101774
RTSI,0,20170324,102336,1122.870000000,38948
RTSI,0,20170324,102337,1122.810000000,38233
RTSI,0,20170324,102338,1122.800000000,7470
RTSI,0,20170324,102339,1122.790000000,3957
RTSI,0,20170324,102340,1122.690000000,285426
RTSI,0,20170324,102341,1122.650000000,36680
RTSI,0,20170324,102342,1122.510000000,289935
RTSI,0,20170324,102343,1122.480000000,9102
RTSI,0,20170324,102344,1122.490000000,22306
RTSI,0,20170324,102345,1122.380000000,55725
RTSI,0,20170324,102346,1122.380000000,48318
RTSI,0,20170324,102347,1122.410000000,15260
RTSI,0,20170324,102348,1122.390000000,7894
RTSI,0,20170324,102349,1122.370000000,4859
RTSI,0,20170324,102351,1122.400000000,8562
RTSI,0,20170324,102352,1122.350000000,1290
RTSI,0,20170324,102353,1122.110000000,337271
RTSI,0,20170324,102354,1121.980000000,64388
RTSI,0,20170324,102355,1121.780000000,286959
RTSI,0,20170324,102356,1121.590000000,44972
RTSI,0,20170324,102357,1121.520000000,27764
RTSI,0,20170324,102358,1121.520000000,67554
RTSI,0,20170324,102359,1121.510000000,46288
RTSI,0,20170324,102400,1121.600000000,14586
RTSI,0,20170324,102401,1121.650000000,12794
RTSI,0,20170324,102402,1121.620000000,8026
RTSI,0,20170324,102403,1121.670000000,9225
RTSI,0,20170324,102404,1121.530000000,188738
RTSI,0,20170324,102405,1121.540000000,9410
RTSI,0,20170324,102406,1121.500000000,10806
RTSI,0,20170324,102407,1121.710000000,23811
RTSI,0,20170324,102408,1121.730000000,8265
RTSI,0,20170324,102409,1121.750000000,9529
RTSI,0,20170324,102410,1121.830000000,448192
RTSI,0,20170324,102411,1121.920000000,2104
RTSI,0,20170324,102412,1121.980000000,14790
RTSI,0,20170324,102413,1122.100000000,19598
RTSI,0,20170324,102414,1122.110000000,23041
RTSI,0,20170324,102415,1122.160000000,7086
RTSI,0,20170324,102416,1122.190000000,11192
RTSI,0,20170324,102417,1122.200000000,752
RTSI,0,20170324,102418,1122.180000000,27695
RTSI,0,20170324,102419,1122.160000000,9886
RTSI,0,20170324,102420,1122.070000000,759
RTSI,0,20170324,102421,1121.980000000,20846
RTSI,0,20170324,102422,1121.990000000,941
RTSI,0,20170324,102423,1121.990000000,3527
RTSI,0,20170324,102424,1121.990000000,3527
RTSI,0,20170324,102425,1122.000000000,866
RTSI,0,20170324,102426,1122.010000000,443
RTSI,0,20170324,102427,1122.020000000,150
RTSI,0,20170324,102428,1122.050000000,1426
RTSI,0,20170324,102429,1122.060000000,55150
RTSI,0,20170324,102430,1122.910000000,135116
RTSI,0,20170324,102431,1122.930000000,117182
RTSI,0,20170324,102432,1123.080000000,133214
RTSI,0,20170324,102433,1122.990000000,25417
RTSI,0,20170324,102434,1123.020000000,31291
RTSI,0,20170324,102435,1123.040000000,4078
RTSI,0,20170324,102436,1122.960000000,16988
RTSI,0,20170324,102437,1122.880000000,2981
RTSI,0,20170324,102438,1122.900000000,202
RTSI,0,20170324,102440,1122.920000000,797
RTSI,0,20170324,102441,1122.960000000,803
RTSI,0,20170324,102442,1122.980000000,390
RTSI,0,20170324,102443,1122.990000000,1672
RTSI,0,20170324,102444,1122.910000000,5283
RTSI,0,20170324,102445,1122.930000000,212
RTSI,0,20170324,102446,1122.950000000,202
RTSI,0,20170324,102447,1122.960000000,350
RTSI,0,20170324,102448,1122.970000000,1090
RTSI,0,20170324,102449,1122.990000000,7988
RTSI,0,20170324,102450,1123.110000000,3772
RTSI,0,20170324,102451,1123.110000000,346
RTSI,0,20170324,102452,1123.020000000,20476
RTSI,0,20170324,102453,1123.020000000,202
RTSI,0,20170324,102454,1123.070000000,901
RTSI,0,20170324,102455,1123.080000000,4277
RTSI,0,20170324,102456,1123.040000000,1442
RTSI,0,20170324,102457,1123.030000000,450
RTSI,0,20170324,102458,1123.020000000,274
RTSI,0,20170324,102459,1123.000000000,373
RTSI,0,20170324,102500,1122.960000000,5754
RTSI,0,20170324,102501,1122.950000000,19813
RTSI,0,20170324,102502,1122.910000000,9688
RTSI,0,20170324,102503,1122.980000000,16513
RTSI,0,20170324,102504,1122.990000000,4087
RTSI,0,20170324,102505,1123.000000000,6697
RTSI,0,20170324,102506,1122.990000000,4189
RTSI,0,20170324,102507,1123.000000000,1194
RTSI,0,20170324,102508,1122.960000000,629
RTSI,0,20170324,102509,1122.950000000,1746
RTSI,0,20170324,102510,1122.950000000,1743
RTSI,0,20170324,102511,1122.940000000,962
RTSI,0,20170324,102512,1122.920000000,71
RTSI,0,20170324,102513,1122.910000000,1316
RTSI,0,20170324,102514,1122.940000000,6815
RTSI,0,20170324,102515,1122.940000000,226
RTSI,0,20170324,102516,1122.950000000,113
RTSI,0,20170324,102517,1122.980000000,8633
RTSI,0,20170324,102518,1122.990000000,48
RTSI,0,20170324,102519,1122.950000000,10833
RTSI,0,20170324,102520,1122.880000000,8394
RTSI,0,20170324,102521,1122.880000000,35
RTSI,0,20170324,102522,1122.860000000,18765
RTSI,0,20170324,102523,1122.840000000,3525
RTSI,0,20170324,102524,1122.860000000,4139
RTSI,0,20170324,102525,1122.840000000,717
RTSI,0,20170324,102526,1122.840000000,1484
RTSI,0,20170324,102527,1122.640000000,87091
RTSI,0,20170324,102528,1122.610000000,5749
RTSI,0,20170324,102529,1122.620000000,3093
RTSI,0,20170324,102530,1122.510000000,42222
RTSI,0,20170324,102531,1122.520000000,14015
RTSI,0,20170324,102532,1122.650000000,17301
RTSI,0,20170324,102533,1122.640000000,8095
RTSI,0,20170324,102534,1122.580000000,13325
RTSI,0,20170324,102535,1122.490000000,35729
RTSI,0,20170324,102536,1122.480000000,4407
RTSI,0,20170324,102537,1122.510000000,6806
RTSI,0,20170324,102538,1122.520000000,4064
RTSI,0,20170324,102539,1122.560000000,6310
RTSI,0,20170324,102540,1122.480000000,23496
RTSI,0,20170324,102541,1122.400000000,14823
RTSI,0,20170324,102542,1122.360000000,11682
RTSI,0,20170324,102543,1122.350000000,2106
RTSI,0,20170324,102544,1122.370000000,8578
RTSI,0,20170324,102545,1122.340000000,12527
RTSI,0,20170324,102546,1122.380000000,7145
RTSI,0,20170324,102547,1122.370000000,22729
RTSI,0,20170324,102548,1122.370000000,5797
RTSI,0,20170324,102549,1122.370000000,66
RTSI,0,20170324,102550,1122.450000000,156
RTSI,0,20170324,102551,1122.530000000,4512
RTSI,0,20170324,102552,1122.510000000,4595
RTSI,0,20170324,102553,1122.500000000,0
RTSI,0,20170324,102554,1122.400000000,736
RTSI,0,20170324,102555,1122.430000000,6343
RTSI,0,20170324,102556,1122.440000000,6510
RTSI,0,20170324,102557,1122.470000000,7233
RTSI,0,20170324,102558,1122.450000000,554
RTSI,0,20170324,102559,1122.460000000,1086
RTSI,0,20170324,102600,1122.510000000,16034
RTSI,0,20170324,102601,1122.510000000,23679
RTSI,0,20170324,102602,1122.490000000,18482
RTSI,0,20170324,102603,1122.450000000,2670
RTSI,0,20170324,102604,1122.380000000,3625
RTSI,0,20170324,102605,1122.340000000,3700
RTSI,0,20170324,102606,1122.360000000,17524
RTSI,0,20170324,102607,1122.330000000,3728
RTSI,0,20170324,102608,1122.250000000,103
RTSI,0,20170324,102609,1122.240000000,3013
RTSI,0,20170324,102610,1122.240000000,0
RTSI,0,20170324,102611,1122.230000000,103
RTSI,0,20170324,102612,1122.210000000,7922
RTSI,0,20170324,102613,1122.210000000,7720
RTSI,0,20170324,102614,1122.210000000,7417
RTSI,0,20170324,102615,1122.210000000,198
RTSI,0,20170324,102616,1122.240000000,6848
RTSI,0,20170324,102617,1122.230000000,4182
RTSI,0,20170324,102618,1122.220000000,46
RTSI,0,20170324,102619,1122.360000000,9592
RTSI,0,20170324,102620,1122.300000000,4423
RTSI,0,20170324,102621,1122.230000000,3250
RTSI,0,20170324,102622,1122.150000000,4763
RTSI,0,20170324,102623,1122.140000000,12807
RTSI,0,20170324,102624,1122.140000000,0
RTSI,0,20170324,102625,1122.150000000,351
RTSI,0,20170324,102626,1122.150000000,0
RTSI,0,20170324,102627,1122.170000000,6530
RTSI,0,20170324,102628,1122.250000000,98
RTSI,0,20170324,102629,1122.250000000,117
RTSI,0,20170324,102630,1122.250000000,1889
RTSI,0,20170324,102632,1122.220000000,9240
RTSI,0,20170324,102633,1122.210000000,1545
RTSI,0,20170324,102634,1122.210000000,6148
RTSI,0,20170324,102635,1122.210000000,215
RTSI,0,20170324,102636,1122.330000000,24622
RTSI,0,20170324,102637,1122.150000000,30407
RTSI,0,20170324,102638,1122.180000000,82905
RTSI,0,20170324,102639,1122.250000000,16886
RTSI,0,20170324,102640,1122.260000000,4567
RTSI,0,20170324,102641,1122.260000000,26953
RTSI,0,20170324,102642,1122.260000000,2829
RTSI,0,20170324,102643,1122.260000000,12830
RTSI,0,20170324,102644,1122.220000000,3684
RTSI,0,20170324,102645,1122.280000000,136390
RTSI,0,20170324,102646,1122.280000000,129266
RTSI,0,20170324,102647,1122.290000000,1257
RTSI,0,20170324,102648,1122.280000000,131571
RTSI,0,20170324,102649,1122.280000000,7709
RTSI,0,20170324,102650,1122.270000000,4535
RTSI,0,20170324,102651,1122.160000000,8245
RTSI,0,20170324,102652,1122.160000000,578
RTSI,0,20170324,102653,1122.160000000,10108
RTSI,0,20170324,102654,1122.170000000,1483
RTSI,0,20170324,102655,1122.280000000,29
RTSI,0,20170324,102656,1122.270000000,494
RTSI,0,20170324,102657,1122.270000000,90
RTSI,0,20170324,102658,1122.330000000,10816
RTSI,0,20170324,102659,1122.330000000,11810
RTSI,0,20170324,102700,1122.300000000,28595
RTSI,0,20170324,102701,1122.290000000,43193
RTSI,0,20170324,102702,1122.280000000,9659
RTSI,0,20170324,102703,1122.280000000,189
RTSI,0,20170324,102704,1122.280000000,7591
RTSI,0,20170324,102705,1122.260000000,2873
RTSI,0,20170324,102706,1122.330000000,34037
RTSI,0,20170324,102707,1122.390000000,2869
RTSI,0,20170324,102708,1122.750000000,46046
RTSI,0,20170324,102709,1122.750000000,388
RTSI,0,20170324,102710,1122.940000000,32208
RTSI,0,20170324,102711,1122.910000000,4960
RTSI,0,20170324,102712,1122.980000000,11245
RTSI,0,20170324,102713,1122.980000000,1936
RTSI,0,20170324,102714,1122.950000000,39888
RTSI,0,20170324,102715,1122.950000000,6963
RTSI,0,20170324,102716,1122.970000000,11321
RTSI,0,20170324,102717,1122.950000000,224
RTSI,0,20170324,102718,1122.890000000,23713
RTSI,0,20170324,102719,1123.030000000,39679
RTSI,0,20170324,102720,1123.310000000,50546
RTSI,0,20170324,102721,1123.330000000,33170
RTSI,0,20170324,102722,1123.370000000,34466
RTSI,0,20170324,102723,1123.350000000,100309
RTSI,0,20170324,102724,1123.360000000,6583
RTSI,0,20170324,102725,1123.360000000,5
RTSI,0,20170324,102727,1123.380000000,9442
RTSI,0,20170324,102728,1123.280000000,3169
RTSI,0,20170324,102729,1123.260000000,10191
RTSI,0,20170324,102730,1123.250000000,380
RTSI,0,20170324,102731,1123.270000000,2283
RTSI,0,20170324,102732,1123.250000000,1724
RTSI,0,20170324,102733,1123.190000000,20889
RTSI,0,20170324,102734,1123.180000000,36531
RTSI,0,20170324,102735,1123.130000000,62784
RTSI,0,20170324,102736,1123.150000000,59993
RTSI,0,20170324,102737,1123.150000000,1380
RTSI,0,20170324,102738,1123.150000000,387
RTSI,0,20170324,102739,1123.160000000,5284
RTSI,0,20170324,102740,1123.150000000,24650
RTSI,0,20170324,102741,1123.190000000,57022
RTSI,0,20170324,102742,1123.200000000,1541
RTSI,0,20170324,102743,1123.260000000,55235
RTSI,0,20170324,102744,1123.220000000,11541
RTSI,0,20170324,102745,1123.220000000,124
RTSI,0,20170324,102746,1123.210000000,8066
RTSI,0,20170324,102747,1123.170000000,5726
RTSI,0,20170324,102748,1123.120000000,1107
RTSI,0,20170324,102749,1123.170000000,317
RTSI,0,20170324,102750,1123.180000000,3728
RTSI,0,20170324,102751,1123.180000000,4111
RTSI,0,20170324,102752,1123.200000000,9219
RTSI,0,20170324,102753,1123.190000000,33
RTSI,0,20170324,102754,1123.200000000,376
RTSI,0,20170324,102755,1123.180000000,7470
RTSI,0,20170324,102756,1123.190000000,5152
RTSI,0,20170324,102757,1123.130000000,8916
RTSI,0,20170324,102758,1123.130000000,9497
RTSI,0,20170324,102759,1123.070000000,8817
RTSI,0,20170324,102800,1123.080000000,1187
RTSI,0,20170324,102801,1123.090000000,158
RTSI,0,20170324,102802,1123.090000000,816
RTSI,0,20170324,102803,1123.180000000,11096
RTSI,0,20170324,102804,1123.180000000,1099
RTSI,0,20170324,102805,1123.190000000,5695
RTSI,0,20170324,102806,1123.140000000,403
RTSI,0,20170324,102807,1123.170000000,4702
RTSI,0,20170324,102808,1123.130000000,331
RTSI,0,20170324,102809,1123.190000000,5327
RTSI,0,20170324,102811,1123.210000000,2285
RTSI,0,20170324,102812,1123.210000000,1484
RTSI,0,20170324,102813,1123.210000000,404
RTSI,0,20170324,102814,1123.220000000,544
RTSI,0,20170324,102815,1123.820000000,177446
RTSI,0,20170324,102816,1123.960000000,73523
RTSI,0,20170324,102817,1123.910000000,2216
RTSI,0,20170324,102818,1123.910000000,1004
RTSI,0,20170324,102819,1123.890000000,34221
RTSI,0,20170324,102820,1123.860000000,14032
RTSI,0,20170324,102821,1123.800000000,17774
RTSI,0,20170324,102822,1123.800000000,3
RTSI,0,20170324,102823,1123.790000000,172
RTSI,0,20170324,102824,1123.830000000,5031
RTSI,0,20170324,102825,1123.840000000,272
RTSI,0,20170324,102826,1123.820000000,760
RTSI,0,20170324,102827,1123.820000000,9917
RTSI,0,20170324,102828,1123.760000000,290896
RTSI,0,20170324,102829,1123.810000000,8057
RTSI,0,20170324,102831,1123.750000000,17882
RTSI,0,20170324,102832,1123.760000000,30772
RTSI,0,20170324,102833,1123.770000000,1698
RTSI,0,20170324,102834,1123.730000000,4240
RTSI,0,20170324,102835,1123.740000000,2579
RTSI,0,20170324,102836,1123.760000000,24530
RTSI,0,20170324,102837,1123.760000000,4163
RTSI,0,20170324,102838,1123.760000000,6573
RTSI,0,20170324,102839,1123.760000000,668
RTSI,0,20170324,102840,1123.700000000,251
RTSI,0,20170324,102841,1123.680000000,286
RTSI,0,20170324,102842,1123.680000000,33
RTSI,0,20170324,102843,1123.680000000,11
RTSI,0,20170324,102844,1123.680000000,0
RTSI,0,20170324,102845,1123.680000000,59
RTSI,0,20170324,102846,1123.680000000,1005
RTSI,0,20170324,102848,1123.770000000,14082
RTSI,0,20170324,102849,1123.760000000,99
RTSI,0,20170324,102850,1123.750000000,7385
RTSI,0,20170324,102851,1123.750000000,66517
RTSI,0,20170324,102852,1123.750000000,100
RTSI,0,20170324,102853,1123.720000000,2931
RTSI,0,20170324,102854,1123.640000000,14462
RTSI,0,20170324,102855,1123.620000000,25063
RTSI,0,20170324,102856,1123.620000000,120
RTSI,0,20170324,102857,1123.600000000,24248
RTSI,0,20170324,102858,1123.610000000,55266
RTSI,0,20170324,102859,1123.650000000,2433
RTSI,0,20170324,102900,1123.600000000,4350
RTSI,0,20170324,102901,1123.620000000,157
RTSI,0,20170324,102902,1123.620000000,305
RTSI,0,20170324,102903,1123.620000000,61
RTSI,0,20170324,102904,1123.620000000,1576
RTSI,0,20170324,102905,1123.580000000,15894
RTSI,0,20170324,102906,1123.560000000,718
RTSI,0,20170324,102907,1123.600000000,1649
RTSI,0,20170324,102908,1123.590000000,5165
RTSI,0,20170324,102909,1123.600000000,69483
RTSI,0,20170324,102910,1123.650000000,4330
RTSI,0,20170324,102911,1123.780000000,85750
RTSI,0,20170324,102912,1123.780000000,1643
RTSI,0,20170324,102913,1123.770000000,0
RTSI,0,20170324,102914,1123.820000000,3741
RTSI,0,20170324,102915,1123.760000000,16699
RTSI,0,20170324,102916,1123.760000000,681
RTSI,0,20170324,102917,1123.760000000,1651
RTSI,0,20170324,102918,1123.670000000,22900
RTSI,0,20170324,102919,1123.780000000,7870
RTSI,0,20170324,102920,1123.740000000,10881
RTSI,0,20170324,102921,1123.730000000,7457
RTSI,0,20170324,102922,1123.720000000,9356
RTSI,0,20170324,102923,1123.760000000,3202
RTSI,0,20170324,102924,1123.760000000,2474
RTSI,0,20170324,102925,1123.760000000,3370
RTSI,0,20170324,102926,1123.780000000,159
RTSI,0,20170324,102927,1123.760000000,11560
RTSI,0,20170324,102928,1123.760000000,1696
RTSI,0,20170324,102929,1123.760000000,6178
RTSI,0,20170324,102930,1123.770000000,434
RTSI,0,20170324,102931,1123.770000000,3281
RTSI,0,20170324,102932,1123.810000000,27304
RTSI,0,20170324,102933,1123.860000000,9622
RTSI,0,20170324,102934,1123.840000000,70504
RTSI,0,20170324,102935,1123.850000000,938
RTSI,0,20170324,102936,1123.830000000,3152
RTSI,0,20170324,102937,1123.850000000,2018
RTSI,0,20170324,102938,1123.850000000,367
RTSI,0,20170324,102939,1123.850000000,20
RTSI,0,20170324,102940,1123.880000000,2488
RTSI,0,20170324,102941,1123.870000000,9018
RTSI,0,20170324,102942,1123.880000000,2296
RTSI,0,20170324,102943,1123.880000000,38858
RTSI,0,20170324,102944,1123.880000000,9057
RTSI,0,20170324,102945,1123.880000000,3107
RTSI,0,20170324,102946,1123.880000000,24788
RTSI,0,20170324,102947,1123.880000000,19343
RTSI,0,20170324,102948,1123.900000000,1891
RTSI,0,20170324,102949,1123.900000000,9128
RTSI,0,20170324,102950,1123.890000000,11170
RTSI,0,20170324,102951,1123.910000000,22366
RTSI,0,20170324,102952,1123.810000000,4248
RTSI,0,20170324,102953,1123.820000000,2162
RTSI,0,20170324,102954,1123.830000000,2010
RTSI,0,20170324,102955,1123.830000000,388
RTSI,0,20170324,102956,1123.830000000,523
RTSI,0,20170324,102957,1123.840000000,10866
RTSI,0,20170324,102958,1123.840000000,686
RTSI,0,20170324,102959,1123.840000000,590
RTSI,0,20170324,103000,1124.010000000,25094
RTSI,0,20170324,103001,1124.020000000,13092
RTSI,0,20170324,103002,1123.870000000,17949
RTSI,0,20170324,103003,1123.830000000,29622
RTSI,0,20170324,103004,1123.950000000,10591
RTSI,0,20170324,103005,1123.950000000,11053
RTSI,0,20170324,103006,1123.980000000,310
RTSI,0,20170324,103007,1123.900000000,17915
RTSI,0,20170324,103008,1123.910000000,11671
RTSI,0,20170324,103009,1123.910000000,10838
RTSI,0,20170324,103010,1123.810000000,22068
RTSI,0,20170324,103011,1123.800000000,2114
RTSI,0,20170324,103012,1123.790000000,7055
RTSI,0,20170324,103013,1123.760000000,4014
RTSI,0,20170324,103014,1123.830000000,14944
RTSI,0,20170324,103015,1123.850000000,580
RTSI,0,20170324,103016,1123.840000000,1855
RTSI,0,20170324,103017,1123.840000000,2432
RTSI,0,20170324,103018,1123.850000000,427
RTSI,0,20170324,103019,1123.840000000,493
RTSI,0,20170324,103020,1123.850000000,735
RTSI,0,20170324,103021,1123.850000000,2744
RTSI,0,20170324,103022,1123.830000000,161
RTSI,0,20170324,103024,1123.870000000,14257
RTSI,0,20170324,103025,1123.760000000,1031
RTSI,0,20170324,103026,1123.770000000,486
RTSI,0,20170324,103027,1123.780000000,2586
RTSI,0,20170324,103028,1123.760000000,10742
RTSI,0,20170324,103029,1123.770000000,4204
RTSI,0,20170324,103030,1123.780000000,1736
RTSI,0,20170324,103031,1123.780000000,99
RTSI,0,20170324,103032,1123.810000000,2452
RTSI,0,20170324,103033,1123.800000000,6
RTSI,0,20170324,103034,1123.800000000,10493
RTSI,0,20170324,103035,1123.790000000,1386
RTSI,0,20170324,103036,1123.840000000,1764
RTSI,0,20170324,103037,1123.930000000,4605
RTSI,0,20170324,103038,1123.910000000,2012
RTSI,0,20170324,103039,1123.940000000,17729
RTSI,0,20170324,103040,1124.010000000,0
RTSI,0,20170324,103041,1124.040000000,47626
RTSI,0,20170324,103042,1124.130000000,35654
RTSI,0,20170324,103043,1124.130000000,1409
RTSI,0,20170324,103044,1124.140000000,209
RTSI,0,20170324,103045,1124.140000000,326
RTSI,0,20170324,103046,1124.130000000,16647
RTSI,0,20170324,103047,1124.120000000,7284
RTSI,0,20170324,103048,1124.110000000,269
RTSI,0,20170324,103049,1124.100000000,8715
RTSI,0,20170324,103050,1124.150000000,3174
RTSI,0,20170324,103051,1124.140000000,0
RTSI,0,20170324,103052,1124.170000000,12441
RTSI,0,20170324,103053,1124.170000000,78
RTSI,0,20170324,103054,1124.120000000,10744
RTSI,0,20170324,103055,1124.140000000,161
RTSI,0,20170324,103056,1124.070000000,2562
RTSI,0,20170324,103057,1124.150000000,3655
RTSI,0,20170324,103058,1124.160000000,995
RTSI,0,20170324,103059,1124.150000000,33
RTSI,0,20170324,103100,1124.140000000,1470
RTSI,0,20170324,103101,1124.130000000,8243
RTSI,0,20170324,103102,1124.130000000,1926
RTSI,0,20170324,103103,1124.140000000,6792
RTSI,0,20170324,103104,1124.120000000,35
RTSI,0,20170324,103105,1124.080000000,63
RTSI,0,20170324,103106,1124.070000000,203
RTSI,0,20170324,103107,1124.100000000,0
RTSI,0,20170324,103108,1124.120000000,3385
RTSI,0,20170324,103109,1124.140000000,17760
RTSI,0,20170324,103110,1124.140000000,144
RTSI,0,20170324,103111,1124.130000000,566
RTSI,0,20170324,103112,1124.190000000,1789
RTSI,0,20170324,103113,1124.170000000,467
RTSI,0,20170324,103114,1124.160000000,12
RTSI,0,20170324,103115,1124.150000000,626
RTSI,0,20170324,103116,1124.140000000,5896
RTSI,0,20170324,103117,1124.180000000,28822
RTSI,0,20170324,103118,1124.080000000,1617
RTSI,0,20170324,103119,1124.070000000,309
RTSI,0,20170324,103120,1124.100000000,479
RTSI,0,20170324,103121,1124.080000000,1958
RTSI,0,20170324,103122,1124.080000000,123
RTSI,0,20170324,103123,1124.060000000,2612
RTSI,0,20170324,103124,1124.060000000,576
RTSI,0,20170324,103125,1124.060000000,11763
RTSI,0,20170324,103126,1124.060000000,3655
RTSI,0,20170324,103127,1124.050000000,2129
RTSI,0,20170324,103128,1123.990000000,3181
RTSI,0,20170324,103129,1123.980000000,901
RTSI,0,20170324,103130,1123.990000000,1944
RTSI,0,20170324,103131,1123.980000000,505
RTSI,0,20170324,103132,1123.970000000,1
RTSI,0,20170324,103133,1124.010000000,843
RTSI,0,20170324,103134,1123.960000000,3613
RTSI,0,20170324,103135,1123.980000000,28
RTSI,0,20170324,103136,1123.900000000,26374
RTSI,0,20170324,103137,1123.920000000,9150
RTSI,0,20170324,103138,1123.870000000,2346
RTSI,0,20170324,103139,1123.800000000,1667
RTSI,0,20170324,103140,1123.790000000,26244
RTSI,0,20170324,103141,1123.780000000,564
RTSI,0,20170324,103142,1123.760000000,5913
RTSI,0,20170324,103143,1123.830000000,433
RTSI,0,20170324,103144,1123.750000000,7278
RTSI,0,20170324,103145,1123.800000000,4375
RTSI,0,20170324,103146,1123.780000000,12423
RTSI,0,20170324,103147,1123.780000000,177
RTSI,0,20170324,103148,1123.780000000,83
RTSI,0,20170324,103149,1123.810000000,18808
RTSI,0,20170324,103150,1123.810000000,33242
RTSI,0,20170324,103151,1123.690000000,16781
RTSI,0,20170324,103152,1123.720000000,531
RTSI,0,20170324,103153,1123.720000000,263
RTSI,0,20170324,103154,1123.720000000,1460
RTSI,0,20170324,103155,1123.680000000,14644
RTSI,0,20170324,103156,1123.660000000,1880
RTSI,0,20170324,103157,1123.670000000,393
RTSI,0,20170324,103158,1123.710000000,9051
RTSI,0,20170324,103159,1123.710000000,173
RTSI,0,20170324,103200,1123.710000000,3222
RTSI,0,20170324,103201,1123.700000000,0
RTSI,0,20170324,103202,1123.760000000,9347
RTSI,0,20170324,103203,1123.690000000,15754
RTSI,0,20170324,103204,1123.690000000,15995
RTSI,0,20170324,103205,1123.690000000,5336
RTSI,0,20170324,103206,1123.700000000,1422
RTSI,0,20170324,103207,1123.700000000,93
RTSI,0,20170324,103208,1123.680000000,25146
RTSI,0,20170324,103209,1123.670000000,22298
RTSI,0,20170324,103210,1123.690000000,4942
RTSI,0,20170324,103211,1123.690000000,819
RTSI,0,20170324,103212,1123.680000000,124
RTSI,0,20170324,103213,1123.700000000,9980
RTSI,0,20170324,103214,1123.700000000,216
RTSI,0,20170324,103215,1123.700000000,855
RTSI,0,20170324,103216,1123.700000000,3934
RTSI,0,20170324,103217,1123.710000000,492
RTSI,0,20170324,103218,1123.720000000,2061
RTSI,0,20170324,103219,1123.730000000,1403
RTSI,0,20170324,103220,1123.730000000,1505
RTSI,0,20170324,103221,1123.720000000,276
RTSI,0,20170324,103222,1123.740000000,3778
RTSI,0,20170324,103223,1123.730000000,671
RTSI,0,20170324,103224,1123.710000000,52717
RTSI,0,20170324,103225,1123.710000000,236
RTSI,0,20170324,103226,1123.720000000,909
RTSI,0,20170324,103227,1123.800000000,330
RTSI,0,20170324,103228,1123.790000000,143
RTSI,0,20170324,103229,1123.790000000,38
RTSI,0,20170324,103230,1123.890000000,8567
RTSI,0,20170324,103231,1123.920000000,9048
RTSI,0,20170324,103232,1123.900000000,27860
RTSI,0,20170324,103233,1123.840000000,458
RTSI,0,20170324,103234,1123.840000000,3880
RTSI,0,20170324,103235,1123.830000000,1844
RTSI,0,20170324,103236,1123.800000000,2041
RTSI,0,20170324,103237,1123.810000000,3005
RTSI,0,20170324,103238,1123.800000000,194
RTSI,0,20170324,103239,1123.790000000,5823
RTSI,0,20170324,103240,1123.790000000,0
RTSI,0,20170324,103241,1123.760000000,1384
RTSI,0,20170324,103242,1123.770000000,995
RTSI,0,20170324,103243,1123.770000000,4429
RTSI,0,20170324,103244,1123.770000000,27
RTSI,0,20170324,103245,1123.790000000,227
RTSI,0,20170324,103246,1123.790000000,213
RTSI,0,20170324,103247,1123.790000000,1046
RTSI,0,20170324,103248,1123.800000000,1729
RTSI,0,20170324,103249,1123.840000000,5917
RTSI,0,20170324,103250,1123.830000000,9782
RTSI,0,20170324,103251,1123.840000000,776
RTSI,0,20170324,103252,1123.830000000,427
RTSI,0,20170324,103253,1123.840000000,287
RTSI,0,20170324,103254,1123.840000000,176
RTSI,0,20170324,103255,1123.850000000,7388
RTSI,0,20170324,103256,1123.850000000,1089
RTSI,0,20170324,103257,1123.850000000,353
RTSI,0,20170324,103258,1123.830000000,7847
RTSI,0,20170324,103259,1123.860000000,578
RTSI,0,20170324,103300,1123.880000000,75
RTSI,0,20170324,103301,1123.870000000,2582
RTSI,0,20170324,103302,1123.880000000,23316
RTSI,0,20170324,103303,1123.890000000,3992
RTSI,0,20170324,103304,1123.880000000,879
RTSI,0,20170324,103305,1123.890000000,1266
RTSI,0,20170324,103306,1123.910000000,690
RTSI,0,20170324,103307,1123.910000000,35
RTSI,0,20170324,103308,1123.910000000,92
RTSI,0,20170324,103309,1123.890000000,3666
RTSI,0,20170324,103310,1123.890000000,823
RTSI,0,20170324,103311,1123.890000000,393
RTSI,0,20170324,103312,1123.880000000,7188
RTSI,0,20170324,103313,1123.880000000,286
RTSI,0,20170324,103314,1123.880000000,1292
RTSI,0,20170324,103315,1123.870000000,0
RTSI,0,20170324,103316,1123.870000000,25
RTSI,0,20170324,103317,1123.830000000,12591
RTSI,0,20170324,103318,1123.840000000,9933
RTSI,0,20170324,103319,1123.830000000,2352
RTSI,0,20170324,103320,1123.820000000,428
RTSI,0,20170324,103321,1123.820000000,78
RTSI,0,20170324,103322,1123.810000000,2846
RTSI,0,20170324,103323,1123.810000000,18397
RTSI,0,20170324,103324,1123.830000000,1090
RTSI,0,20170324,103325,1123.830000000,0
RTSI,0,20170324,103326,1123.840000000,5246
RTSI,0,20170324,103327,1123.840000000,0
RTSI,0,20170324,103328,1123.840000000,13776
RTSI,0,20170324,103329,1123.840000000,1815
RTSI,0,20170324,103330,1123.840000000,115
RTSI,0,20170324,103331,1123.810000000,4393
RTSI,0,20170324,103332,1123.810000000,19
RTSI,0,20170324,103333,1123.810000000,0
RTSI,0,20170324,103334,1123.820000000,5805
RTSI,0,20170324,103335,1123.820000000,969
RTSI,0,20170324,103336,1123.760000000,25935
RTSI,0,20170324,103337,1123.780000000,3149
RTSI,0,20170324,103338,1123.790000000,460
RTSI,0,20170324,103339,1123.780000000,39
RTSI,0,20170324,103340,1123.750000000,297
RTSI,0,20170324,103341,1123.750000000,309
RTSI,0,20170324,103342,1123.680000000,6221
RTSI,0,20170324,103343,1123.660000000,566
RTSI,0,20170324,103344,1123.680000000,5774
RTSI,0,20170324,103345,1123.700000000,873
RTSI,0,20170324,103346,1123.700000000,596
RTSI,0,20170324,103347,1123.740000000,14449
RTSI,0,20170324,103348,1123.780000000,19121
RTSI,0,20170324,103349,1123.790000000,1856
RTSI,0,20170324,103350,1123.790000000,6703
RTSI,0,20170324,103351,1123.790000000,4539
RTSI,0,20170324,103352,1123.790000000,329
RTSI,0,20170324,103353,1123.770000000,1825
RTSI,0,20170324,103354,1123.810000000,8311
RTSI,0,20170324,103355,1123.820000000,33
RTSI,0,20170324,103356,1123.820000000,1049
RTSI,0,20170324,103357,1123.790000000,1048
RTSI,0,20170324,103358,1123.790000000,80
RTSI,0,20170324,103359,1123.780000000,3405
RTSI,0,20170324,103400,1123.780000000,460
RTSI,0,20170324,103401,1123.770000000,9500
RTSI,0,20170324,103402,1123.770000000,2595
RTSI,0,20170324,103403,1123.770000000,202
RTSI,0,20170324,103404,1123.760000000,1736
RTSI,0,20170324,103405,1123.730000000,3880
RTSI,0,20170324,103406,1123.770000000,6329
RTSI,0,20170324,103407,1123.770000000,509
RTSI,0,20170324,103408,1123.780000000,2567
RTSI,0,20170324,103409,1123.760000000,2654
RTSI,0,20170324,103410,1123.790000000,4095
RTSI,0,20170324,103411,1123.790000000,5273
RTSI,0,20170324,103412,1123.850000000,18388
RTSI,0,20170324,103413,1123.880000000,11831
RTSI,0,20170324,103414,1123.890000000,6117
RTSI,0,20170324,103415,1123.890000000,499
RTSI,0,20170324,103416,1123.900000000,3295
RTSI,0,20170324,103417,1123.910000000,2648
RTSI,0,20170324,103418,1123.900000000,7335
RTSI,0,20170324,103419,1123.940000000,52610
RTSI,0,20170324,103420,1124.010000000,143399
RTSI,0,20170324,103421,1124.230000000,221104
RTSI,0,20170324,103422,1124.850000000,432151
RTSI,0,20170324,103423,1125.230000000,225154
RTSI,0,20170324,103424,1125.380000000,142069
RTSI,0,20170324,103425,1125.460000000,67155
RTSI,0,20170324,103426,1125.680000000,35001
RTSI,0,20170324,103427,1125.650000000,23830
RTSI,0,20170324,103428,1125.680000000,39269
RTSI,0,20170324,103429,1125.550000000,69152
RTSI,0,20170324,103430,1125.620000000,923
RTSI,0,20170324,103431,1125.620000000,1220
RTSI,0,20170324,103432,1125.630000000,963
RTSI,0,20170324,103433,1125.770000000,52598
RTSI,0,20170324,103434,1125.700000000,15134
RTSI,0,20170324,103435,1125.600000000,30524
RTSI,0,20170324,103436,1125.700000000,3542
RTSI,0,20170324,103437,1125.670000000,11422
RTSI,0,20170324,103438,1125.600000000,3463
RTSI,0,20170324,103439,1125.810000000,53004
RTSI,0,20170324,103440,1125.810000000,10103
RTSI,0,20170324,103441,1125.800000000,3029
RTSI,0,20170324,103442,1125.790000000,6101
RTSI,0,20170324,103443,1125.920000000,22781
RTSI,0,20170324,103444,1125.930000000,16647
RTSI,0,20170324,103445,1125.910000000,32526
RTSI,0,20170324,103446,1125.890000000,12704
RTSI,0,20170324,103447,1125.910000000,39618
RTSI,0,20170324,103448,1125.810000000,15967
RTSI,0,20170324,103449,1125.730000000,416
RTSI,0,20170324,103450,1125.900000000,9110
RTSI,0,20170324,103451,1125.940000000,22865
RTSI,0,20170324,103452,1125.960000000,1536
RTSI,0,20170324,103453,1126.050000000,4592
RTSI,0,20170324,103454,1126.050000000,508
RTSI,0,20170324,103455,1125.990000000,6427
RTSI,0,20170324,103456,1125.670000000,92937
RTSI,0,20170324,103457,1125.750000000,16460
RTSI,0,20170324,103458,1125.870000000,38699
RTSI,0,20170324,103459,1125.910000000,1331
RTSI,0,20170324,103500,1125.900000000,18352
RTSI,0,20170324,103501,1125.880000000,12212
RTSI,0,20170324,103502,1125.900000000,3327
RTSI,0,20170324,103503,1125.890000000,3503
RTSI,0,20170324,103504,1125.930000000,12454
RTSI,0,20170324,103505,1125.950000000,8041
RTSI,0,20170324,103506,1125.970000000,422
RTSI,0,20170324,103507,1125.930000000,1158
RTSI,0,20170324,103508,1126.010000000,5383
RTSI,0,20170324,103509,1126.020000000,543
RTSI,0,20170324,103510,1126.020000000,18213
RTSI,0,20170324,103511,1126.040000000,13631
RTSI,0,20170324,103512,1126.070000000,45017
RTSI,0,20170324,103513,1126.090000000,5761
RTSI,0,20170324,103514,1126.070000000,32678
RTSI,0,20170324,103515,1126.100000000,5597
RTSI,0,20170324,103516,1126.110000000,9077
RTSI,0,20170324,103517,1126.130000000,3156
RTSI,0,20170324,103518,1126.120000000,304
RTSI,0,20170324,103519,1126.220000000,37468
RTSI,0,20170324,103520,1126.230000000,934
RTSI,0,20170324,103521,1126.320000000,6857
RTSI,0,20170324,103522,1126.330000000,343
RTSI,0,20170324,103523,1126.340000000,16278
RTSI,0,20170324,103524,1126.340000000,1213
RTSI,0,20170324,103525,1126.320000000,19156
RTSI,0,20170324,103526,1126.310000000,1956
RTSI,0,20170324,103527,1126.290000000,3375
RTSI,0,20170324,103528,1126.300000000,376
RTSI,0,20170324,103529,1126.340000000,1981
RTSI,0,20170324,103530,1126.280000000,20760
RTSI,0,20170324,103531,1126.320000000,12105
RTSI,0,20170324,103532,1126.280000000,11849
RTSI,0,20170324,103533,1126.320000000,7981
RTSI,0,20170324,103534,1126.340000000,5635
RTSI,0,20170324,103535,1126.340000000,88
RTSI,0,20170324,103536,1126.450000000,6114
RTSI,0,20170324,103537,1126.440000000,1955
RTSI,0,20170324,103538,1126.440000000,767
RTSI,0,20170324,103539,1126.480000000,8934
RTSI,0,20170324,103540,1126.460000000,218303
RTSI,0,20170324,103541,1126.290000000,4157
RTSI,0,20170324,103542,1126.370000000,6868
RTSI,0,20170324,103543,1126.370000000,3325
RTSI,0,20170324,103544,1126.380000000,6592
RTSI,0,20170324,103545,1126.360000000,3596
RTSI,0,20170324,103546,1126.280000000,3035
RTSI,0,20170324,103547,1126.200000000,8407
RTSI,0,20170324,103548,1126.200000000,541
RTSI,0,20170324,103549,1126.200000000,590
RTSI,0,20170324,103550,1126.350000000,14924
RTSI,0,20170324,103551,1126.350000000,15308
RTSI,0,20170324,103552,1126.370000000,13543
RTSI,0,20170324,103553,1126.320000000,8115
RTSI,0,20170324,103554,1126.260000000,16198
RTSI,0,20170324,103555,1126.260000000,4408
RTSI,0,20170324,103556,1126.270000000,195
RTSI,0,20170324,103557,1126.250000000,13545
RTSI,0,20170324,103558,1126.180000000,511
RTSI,0,20170324,103559,1126.190000000,537
RTSI,0,20170324,103600,1126.180000000,319
RTSI,0,20170324,103601,1126.180000000,7890
RTSI,0,20170324,103602,1126.140000000,17459
RTSI,0,20170324,103603,1126.130000000,1540
RTSI,0,20170324,103604,1126.130000000,6422
RTSI,0,20170324,103605,1126.150000000,6076
RTSI,0,20170324,103606,1126.160000000,14266
RTSI,0,20170324,103607,1126.270000000,112691
RTSI,0,20170324,103608,1126.250000000,45966
RTSI,0,20170324,103609,1126.290000000,1455
RTSI,0,20170324,103610,1126.300000000,7212
RTSI,0,20170324,103611,1126.270000000,18818
RTSI,0,20170324,103612,1126.260000000,7121
RTSI,0,20170324,103613,1126.260000000,33240
RTSI,0,20170324,103614,1126.320000000,64799
RTSI,0,20170324,103615,1126.320000000,23111
RTSI,0,20170324,103616,1126.390000000,10466
RTSI,0,20170324,103617,1126.390000000,9245
RTSI,0,20170324,103618,1126.260000000,10934
RTSI,0,20170324,103619,1126.250000000,2599
RTSI,0,20170324,103620,1126.230000000,687
RTSI,0,20170324,103621,1126.200000000,390
RTSI,0,20170324,103622,1126.220000000,34892
RTSI,0,20170324,103623,1126.200000000,62
RTSI,0,20170324,103624,1126.190000000,0
RTSI,0,20170324,103625,1126.180000000,1427
RTSI,0,20170324,103626,1126.120000000,11369
RTSI,0,20170324,103627,1126.060000000,556
RTSI,0,20170324,103628,1126.060000000,6472
RTSI,0,20170324,103629,1126.050000000,0
RTSI,0,20170324,103630,1126.020000000,6050
RTSI,0,20170324,103631,1126.120000000,30188
RTSI,0,20170324,103632,1126.150000000,5668
RTSI,0,20170324,103633,1126.100000000,0
RTSI,0,20170324,103634,1126.080000000,23306
RTSI,0,20170324,103635,1126.110000000,9790
RTSI,0,20170324,103636,1126.120000000,1530
RTSI,0,20170324,103637,1126.050000000,19851
RTSI,0,20170324,103638,1126.050000000,6959
RTSI,0,20170324,103639,1125.990000000,4440
RTSI,0,20170324,103640,1126.000000000,776
RTSI,0,20170324,103641,1125.980000000,5995
RTSI,0,20170324,103642,1125.980000000,7594
RTSI,0,20170324,103643,1125.990000000,557
RTSI,0,20170324,103644,1125.950000000,21818
RTSI,0,20170324,103645,1126.010000000,1688
RTSI,0,20170324,103646,1126.000000000,0
RTSI,0,20170324,103647,1125.990000000,1764
RTSI,0,20170324,103648,1125.990000000,1190
RTSI,0,20170324,103649,1125.960000000,19151
RTSI,0,20170324,103650,1125.950000000,1781
RTSI,0,20170324,103651,1125.950000000,0
RTSI,0,20170324,103652,1125.890000000,28449
RTSI,0,20170324,103653,1125.940000000,4227
RTSI,0,20170324,103654,1125.910000000,5647
RTSI,0,20170324,103655,1125.900000000,4168
RTSI,0,20170324,103656,1125.890000000,3221
RTSI,0,20170324,103657,1125.830000000,1394
RTSI,0,20170324,103658,1125.820000000,924
RTSI,0,20170324,103659,1125.820000000,6696
RTSI,0,20170324,103700,1125.830000000,16646
RTSI,0,20170324,103701,1125.810000000,0
RTSI,0,20170324,103702,1125.750000000,788
RTSI,0,20170324,103703,1125.730000000,17550
RTSI,0,20170324,103704,1125.750000000,2172
RTSI,0,20170324,103705,1125.730000000,3249
RTSI,0,20170324,103706,1125.740000000,1347
RTSI,0,20170324,103707,1125.740000000,209
RTSI,0,20170324,103708,1125.730000000,13686
RTSI,0,20170324,103709,1125.630000000,8138
RTSI,0,20170324,103710,1125.620000000,6437
RTSI,0,20170324,103711,1125.620000000,0
RTSI,0,20170324,103712,1125.690000000,4020
RTSI,0,20170324,103713,1125.680000000,5335
RTSI,0,20170324,103714,1125.640000000,6367
RTSI,0,20170324,103715,1125.590000000,441
RTSI,0,20170324,103716,1125.520000000,936
RTSI,0,20170324,103717,1125.500000000,6328
RTSI,0,20170324,103718,1125.500000000,13
RTSI,0,20170324,103719,1125.500000000,0
RTSI,0,20170324,103720,1125.480000000,1994
RTSI,0,20170324,103721,1125.480000000,337
RTSI,0,20170324,103722,1125.270000000,69249
RTSI,0,20170324,103723,1125.260000000,31
RTSI,0,20170324,103724,1125.270000000,116
RTSI,0,20170324,103725,1125.290000000,1863
RTSI,0,20170324,103726,1125.350000000,342
RTSI,0,20170324,103727,1125.360000000,9142
RTSI,0,20170324,103728,1125.360000000,750
RTSI,0,20170324,103729,1125.360000000,1505
RTSI,0,20170324,103730,1125.350000000,208
RTSI,0,20170324,103731,1125.330000000,265
RTSI,0,20170324,103732,1125.330000000,0
RTSI,0,20170324,103733,1125.320000000,1702
RTSI,0,20170324,103734,1125.320000000,0
RTSI,0,20170324,103735,1125.230000000,9503
RTSI,0,20170324,103736,1125.230000000,0
RTSI,0,20170324,103737,1125.300000000,4175
RTSI,0,20170324,103738,1125.290000000,536
RTSI,0,20170324,103739,1125.290000000,119
RTSI,0,20170324,103740,1125.280000000,330
RTSI,0,20170324,103741,1125.280000000,11
RTSI,0,20170324,103742,1125.270000000,8256
RTSI,0,20170324,103743,1125.270000000,2773
RTSI,0,20170324,103744,1125.300000000,6452
RTSI,0,20170324,103745,1125.290000000,1169
RTSI,0,20170324,103746,1125.280000000,16014
RTSI,0,20170324,103747,1125.230000000,179
RTSI,0,20170324,103748,1125.230000000,56
RTSI,0,20170324,103749,1125.220000000,653
RTSI,0,20170324,103750,1125.220000000,33
RTSI,0,20170324,103751,1125.210000000,13387
RTSI,0,20170324,103752,1125.230000000,13969
RTSI,0,20170324,103753,1125.260000000,5472
RTSI,0,20170324,103754,1125.260000000,0
RTSI,0,20170324,103755,1125.250000000,2288
RTSI,0,20170324,103756,1125.280000000,3708
RTSI,0,20170324,103757,1125.270000000,0
RTSI,0,20170324,103758,1125.260000000,2071
RTSI,0,20170324,103759,1125.260000000,2286
RTSI,0,20170324,103800,1125.240000000,3935
RTSI,0,20170324,103801,1125.250000000,891
RTSI,0,20170324,103802,1125.260000000,3711
RTSI,0,20170324,103803,1125.250000000,164
RTSI,0,20170324,103804,1125.360000000,2659
RTSI,0,20170324,103805,1125.390000000,1788
RTSI,0,20170324,103806,1125.380000000,486
RTSI,0,20170324,103807,1125.380000000,82
RTSI,0,20170324,103808,1125.350000000,260
RTSI,0,20170324,103809,1125.350000000,179
RTSI,0,20170324,103810,1125.280000000,382
RTSI,0,20170324,103811,1125.270000000,2905
RTSI,0,20170324,103812,1125.270000000,85
RTSI,0,20170324,103813,1125.270000000,136
RTSI,0,20170324,103815,1125.270000000,5939
RTSI,0,20170324,103816,1125.280000000,1075
RTSI,0,20170324,103817,1125.330000000,6642
RTSI,0,20170324,103818,1125.330000000,0
RTSI,0,20170324,103819,1125.340000000,2548
RTSI,0,20170324,103820,1125.340000000,9473
RTSI,0,20170324,103821,1125.400000000,8825
RTSI,0,20170324,103822,1125.370000000,2904
RTSI,0,20170324,103823,1125.420000000,1263
RTSI,0,20170324,103824,1125.410000000,23
RTSI,0,20170324,103825,1125.410000000,9898
RTSI,0,20170324,103826,1125.430000000,5271
RTSI,0,20170324,103827,1125.430000000,126
RTSI,0,20170324,103828,1125.430000000,1198
RTSI,0,20170324,103829,1125.440000000,2346
RTSI,0,20170324,103830,1125.510000000,69769
RTSI,0,20170324,103831,1125.570000000,1666
RTSI,0,20170324,103832,1125.550000000,4824
RTSI,0,20170324,103833,1125.540000000,12485
RTSI,0,20170324,103834,1125.550000000,132
RTSI,0,20170324,103835,1125.550000000,836
RTSI,0,20170324,103836,1125.550000000,160
RTSI,0,20170324,103837,1125.560000000,1694
RTSI,0,20170324,103838,1125.570000000,1846
RTSI,0,20170324,103840,1125.590000000,14792
RTSI,0,20170324,103841,1125.590000000,141
RTSI,0,20170324,103842,1125.600000000,3823
RTSI,0,20170324,103843,1125.600000000,1048
RTSI,0,20170324,103844,1125.610000000,844
RTSI,0,20170324,103845,1125.610000000,2913
