<TICKER>,<PER>,<DATE>,<TIME>,<LAST>,<VOL>
RTSI,0,20180914,100001,1088.940000000,24404
RTSI,0,20180914,100002,1088.910000000,262696
RTSI,0,20180914,100003,1088.520000000,113145
RTSI,0,20180914,100004,1087.610000000,228735
RTSI,0,20180914,100005,1087.950000000,125766
RTSI,0,20180914,100006,1087.630000000,235856
RTSI,0,20180914,100007,1087.620000000,177659
RTSI,0,20180914,100008,1087.740000000,44002
RTSI,0,20180914,100009,1087.650000000,55833
RTSI,0,20180914,100010,1087.550000000,121265
RTSI,0,20180914,100011,1087.080000000,204082
RTSI,0,20180914,100012,1087.240000000,121433
RTSI,0,20180914,100013,1087.990000000,234356
RTSI,0,20180914,100014,1088.170000000,108939
RTSI,0,20180914,100015,1088.240000000,23916
RTSI,0,20180914,100016,1088.100000000,44147
RTSI,0,20180914,100017,1087.910000000,40953
RTSI,0,20180914,100018,1087.760000000,32914
RTSI,0,20180914,100019,1087.910000000,11296
RTSI,0,20180914,100020,1087.830000000,37647
RTSI,0,20180914,100021,1087.880000000,71615
RTSI,0,20180914,100022,1087.680000000,50344
RTSI,0,20180914,100023,1087.480000000,474563
RTSI,0,20180914,100024,1087.380000000,20403
RTSI,0,20180914,100025,1087.450000000,56340
RTSI,0,20180914,100026,1087.120000000,91339
RTSI,0,20180914,100027,1087.310000000,63307
RTSI,0,20180914,100028,1087.210000000,30141
RTSI,0,20180914,100029,1087.180000000,47439
RTSI,0,20180914,100030,1086.910000000,180118
RTSI,0,20180914,100031,1086.690000000,56345
RTSI,0,20180914,100032,1087.710000000,65379
RTSI,0,20180914,100033,1087.880000000,121242
RTSI,0,20180914,100034,1087.920000000,25361
RTSI,0,20180914,100035,1087.850000000,104467
RTSI,0,20180914,100036,1087.980000000,85105
RTSI,0,20180914,100037,1087.980000000,13220
RTSI,0,20180914,100038,1088.000000000,101496
RTSI,0,20180914,100039,1087.960000000,55361
RTSI,0,20180914,100040,1088.010000000,119147
RTSI,0,20180914,100041,1088.320000000,68928
RTSI,0,20180914,100042,1088.260000000,33256
RTSI,0,20180914,100043,1088.320000000,97733
RTSI,0,20180914,100044,1088.110000000,45492
RTSI,0,20180914,100045,1088.360000000,75525
RTSI,0,20180914,100046,1088.500000000,78525
RTSI,0,20180914,100047,1088.730000000,44026
RTSI,0,20180914,100048,1088.770000000,105295
RTSI,0,20180914,100049,1088.900000000,188909
RTSI,0,20180914,100050,1089.260000000,424564
RTSI,0,20180914,100051,1089.290000000,209105
RTSI,0,20180914,100052,1089.190000000,366749
RTSI,0,20180914,100053,1089.030000000,91239
RTSI,0,20180914,100054,1089.310000000,71817
RTSI,0,20180914,100055,1089.250000000,35369
RTSI,0,20180914,100056,1089.400000000,74493
RTSI,0,20180914,100057,1089.380000000,57679
RTSI,0,20180914,100058,1089.520000000,131078
RTSI,0,20180914,100059,1089.650000000,71150
RTSI,0,20180914,100100,1089.550000000,136121
RTSI,0,20180914,100101,1089.870000000,48806
RTSI,0,20180914,100102,1089.650000000,50318
RTSI,0,20180914,100103,1089.300000000,115274
RTSI,0,20180914,100104,1089.410000000,101510
RTSI,0,20180914,100105,1089.100000000,387643
RTSI,0,20180914,100106,1089.040000000,234601
RTSI,0,20180914,100107,1089.190000000,33112
RTSI,0,20180914,100108,1089.340000000,51832
RTSI,0,20180914,100109,1089.330000000,26925
RTSI,0,20180914,100110,1089.240000000,43808
RTSI,0,20180914,100111,1089.230000000,16521
RTSI,0,20180914,100112,1089.230000000,2449
RTSI,0,20180914,100113,1089.080000000,69340
RTSI,0,20180914,100114,1088.980000000,116792
RTSI,0,20180914,100115,1089.120000000,80515
RTSI,0,20180914,100116,1089.180000000,59952
RTSI,0,20180914,100117,1089.080000000,22007
RTSI,0,20180914,100118,1089.190000000,59350
RTSI,0,20180914,100119,1089.180000000,96312
RTSI,0,20180914,100120,1089.250000000,76285
RTSI,0,20180914,100121,1089.030000000,191199
RTSI,0,20180914,100122,1089.060000000,67495
RTSI,0,20180914,100123,1089.110000000,30562
RTSI,0,20180914,100124,1089.180000000,21564
RTSI,0,20180914,100125,1088.980000000,23192
RTSI,0,20180914,100126,1088.980000000,33257
RTSI,0,20180914,100127,1089.310000000,193984
RTSI,0,20180914,100128,1089.460000000,105540
RTSI,0,20180914,100129,1089.500000000,29636
RTSI,0,20180914,100130,1089.490000000,3106
RTSI,0,20180914,100131,1089.560000000,22390
RTSI,0,20180914,100132,1089.840000000,43260
RTSI,0,20180914,100133,1089.770000000,103028
RTSI,0,20180914,100134,1089.740000000,77042
RTSI,0,20180914,100135,1089.690000000,124207
RTSI,0,20180914,100136,1089.830000000,95541
RTSI,0,20180914,100137,1089.840000000,13085
RTSI,0,20180914,100138,1089.900000000,85922
RTSI,0,20180914,100139,1089.590000000,81104
RTSI,0,20180914,100140,1089.560000000,69321
RTSI,0,20180914,100141,1089.580000000,26396
RTSI,0,20180914,100142,1089.660000000,13158
RTSI,0,20180914,100143,1089.640000000,71999
RTSI,0,20180914,100144,1089.740000000,18726
RTSI,0,20180914,100145,1089.800000000,12927
RTSI,0,20180914,100146,1089.840000000,221452
RTSI,0,20180914,100147,1089.800000000,77047
RTSI,0,20180914,100148,1089.870000000,44073
RTSI,0,20180914,100149,1089.940000000,10836
RTSI,0,20180914,100150,1089.970000000,35274
RTSI,0,20180914,100151,1090.030000000,167800
RTSI,0,20180914,100152,1089.880000000,98592
RTSI,0,20180914,100153,1089.880000000,34697
RTSI,0,20180914,100154,1089.860000000,42890
RTSI,0,20180914,100155,1089.980000000,385034
RTSI,0,20180914,100156,1089.930000000,31716
RTSI,0,20180914,100157,1090.070000000,80357
RTSI,0,20180914,100158,1090.070000000,19741
RTSI,0,20180914,100159,1089.760000000,112253
RTSI,0,20180914,100200,1089.770000000,10524
RTSI,0,20180914,100201,1089.770000000,21387
RTSI,0,20180914,100202,1089.670000000,59055
RTSI,0,20180914,100203,1089.490000000,66576
RTSI,0,20180914,100204,1089.730000000,45798
RTSI,0,20180914,100205,1089.690000000,25081
RTSI,0,20180914,100206,1089.770000000,574775
RTSI,0,20180914,100207,1089.580000000,14875
RTSI,0,20180914,100208,1089.620000000,21174
RTSI,0,20180914,100209,1089.630000000,144263
RTSI,0,20180914,100210,1089.670000000,60581
RTSI,0,20180914,100211,1089.570000000,569820
RTSI,0,20180914,100212,1089.530000000,46426
RTSI,0,20180914,100213,1089.520000000,66704
RTSI,0,20180914,100214,1089.510000000,6178
RTSI,0,20180914,100215,1089.580000000,9220
RTSI,0,20180914,100216,1089.560000000,5856
RTSI,0,20180914,100217,1089.500000000,25173
RTSI,0,20180914,100218,1089.380000000,158256
RTSI,0,20180914,100219,1089.350000000,28481
RTSI,0,20180914,100220,1089.180000000,145529
RTSI,0,20180914,100221,1089.190000000,391923
RTSI,0,20180914,100222,1089.330000000,121781
RTSI,0,20180914,100223,1089.450000000,43706
RTSI,0,20180914,100224,1089.440000000,32430
RTSI,0,20180914,100225,1089.360000000,17117
RTSI,0,20180914,100226,1089.260000000,54415
RTSI,0,20180914,100227,1089.370000000,117678
RTSI,0,20180914,100228,1089.130000000,166854
RTSI,0,20180914,100229,1089.160000000,18984
RTSI,0,20180914,100230,1089.230000000,6460
RTSI,0,20180914,100231,1089.310000000,36106
RTSI,0,20180914,100232,1089.280000000,4417
RTSI,0,20180914,100233,1089.150000000,2136
RTSI,0,20180914,100234,1089.340000000,7666
RTSI,0,20180914,100235,1089.340000000,2061
RTSI,0,20180914,100236,1089.210000000,29012
RTSI,0,20180914,100237,1089.050000000,54924
RTSI,0,20180914,100238,1088.860000000,85627
RTSI,0,20180914,100239,1088.960000000,14070
RTSI,0,20180914,100240,1088.930000000,76551
RTSI,0,20180914,100241,1088.990000000,21010
RTSI,0,20180914,100242,1088.980000000,2544
RTSI,0,20180914,100243,1089.020000000,22974
RTSI,0,20180914,100244,1088.870000000,233951
RTSI,0,20180914,100245,1088.950000000,34183
RTSI,0,20180914,100246,1088.930000000,88694
RTSI,0,20180914,100247,1088.800000000,42754
RTSI,0,20180914,100248,1088.700000000,38000
RTSI,0,20180914,100249,1088.640000000,54857
RTSI,0,20180914,100250,1088.590000000,2661
RTSI,0,20180914,100251,1088.740000000,9700
RTSI,0,20180914,100252,1088.900000000,5136
RTSI,0,20180914,100253,1088.910000000,29963
RTSI,0,20180914,100254,1088.850000000,19976
RTSI,0,20180914,100255,1088.810000000,4597
RTSI,0,20180914,100256,1088.720000000,48752
RTSI,0,20180914,100257,1088.540000000,77269
RTSI,0,20180914,100258,1088.660000000,70090
RTSI,0,20180914,100259,1088.640000000,58123
RTSI,0,20180914,100300,1088.490000000,8132
RTSI,0,20180914,100301,1088.450000000,1339
RTSI,0,20180914,100302,1088.140000000,448474
RTSI,0,20180914,100303,1088.140000000,235942
RTSI,0,20180914,100304,1088.250000000,74307
RTSI,0,20180914,100305,1088.280000000,8060
RTSI,0,20180914,100306,1088.630000000,407807
RTSI,0,20180914,100307,1088.680000000,33570
RTSI,0,20180914,100308,1088.730000000,59470
RTSI,0,20180914,100309,1088.820000000,28804
RTSI,0,20180914,100310,1088.790000000,57160
RTSI,0,20180914,100311,1088.720000000,40787
RTSI,0,20180914,100312,1088.690000000,105213
RTSI,0,20180914,100313,1088.670000000,28589
RTSI,0,20180914,100314,1088.630000000,16175
RTSI,0,20180914,100315,1088.550000000,67520
RTSI,0,20180914,100316,1088.740000000,63217
RTSI,0,20180914,100317,1088.920000000,204321
RTSI,0,20180914,100318,1088.890000000,10757
RTSI,0,20180914,100319,1088.750000000,15880
RTSI,0,20180914,100320,1088.730000000,41665
RTSI,0,20180914,100321,1088.770000000,653
RTSI,0,20180914,100322,1088.760000000,339
RTSI,0,20180914,100323,1088.760000000,5625
RTSI,0,20180914,100324,1088.700000000,13997
RTSI,0,20180914,100325,1088.700000000,15058
RTSI,0,20180914,100326,1088.680000000,70408
RTSI,0,20180914,100327,1088.650000000,5200
RTSI,0,20180914,100328,1088.730000000,26855
RTSI,0,20180914,100329,1088.670000000,32600
RTSI,0,20180914,100330,1088.660000000,3254
RTSI,0,20180914,100331,1088.550000000,49716
RTSI,0,20180914,100332,1088.480000000,102424
RTSI,0,20180914,100333,1088.560000000,21114
RTSI,0,20180914,100334,1088.510000000,82096
RTSI,0,20180914,100335,1088.380000000,12346
RTSI,0,20180914,100336,1088.380000000,533
RTSI,0,20180914,100337,1088.330000000,6266
RTSI,0,20180914,100338,1088.420000000,25571
RTSI,0,20180914,100339,1088.410000000,32046
RTSI,0,20180914,100340,1088.460000000,70941
RTSI,0,20180914,100341,1088.280000000,9239
RTSI,0,20180914,100342,1088.250000000,8327
RTSI,0,20180914,100343,1088.240000000,10374
RTSI,0,20180914,100344,1088.160000000,3219
RTSI,0,20180914,100345,1088.250000000,49048
RTSI,0,20180914,100346,1088.210000000,15129
RTSI,0,20180914,100347,1088.260000000,4137
RTSI,0,20180914,100348,1088.140000000,2780
RTSI,0,20180914,100349,1088.150000000,13522
RTSI,0,20180914,100350,1088.110000000,2088
RTSI,0,20180914,100351,1088.110000000,457
RTSI,0,20180914,100352,1088.080000000,16343
RTSI,0,20180914,100353,1088.100000000,32229
RTSI,0,20180914,100354,1088.110000000,4834
RTSI,0,20180914,100355,1088.080000000,1383
RTSI,0,20180914,100356,1088.170000000,6973
RTSI,0,20180914,100357,1088.150000000,15837
RTSI,0,20180914,100358,1088.100000000,2559
RTSI,0,20180914,100359,1088.110000000,83561
RTSI,0,20180914,100400,1088.100000000,16636
RTSI,0,20180914,100401,1088.160000000,19662
RTSI,0,20180914,100402,1088.150000000,3271
RTSI,0,20180914,100403,1088.120000000,18581
RTSI,0,20180914,100404,1088.120000000,3838
RTSI,0,20180914,100405,1088.160000000,3741
RTSI,0,20180914,100406,1088.080000000,82742
RTSI,0,20180914,100407,1088.130000000,27911
RTSI,0,20180914,100408,1088.090000000,3181
RTSI,0,20180914,100409,1088.020000000,1576
RTSI,0,20180914,100410,1088.070000000,22311
RTSI,0,20180914,100411,1088.070000000,1798
RTSI,0,20180914,100412,1088.070000000,7508
RTSI,0,20180914,100413,1088.040000000,17059
RTSI,0,20180914,100414,1087.960000000,41534
RTSI,0,20180914,100415,1088.000000000,42298
RTSI,0,20180914,100416,1087.890000000,71451
RTSI,0,20180914,100417,1087.820000000,102021
RTSI,0,20180914,100418,1087.590000000,133498
RTSI,0,20180914,100419,1087.540000000,8129
RTSI,0,20180914,100420,1087.520000000,35266
RTSI,0,20180914,100421,1087.540000000,1698
RTSI,0,20180914,100422,1087.590000000,77959
RTSI,0,20180914,100423,1087.720000000,183606
RTSI,0,20180914,100424,1087.840000000,77973
RTSI,0,20180914,100425,1087.860000000,33774
RTSI,0,20180914,100426,1087.900000000,18017
RTSI,0,20180914,100427,1087.740000000,17479
RTSI,0,20180914,100428,1087.730000000,6885
RTSI,0,20180914,100429,1087.720000000,28711
RTSI,0,20180914,100430,1087.730000000,860
RTSI,0,20180914,100431,1087.470000000,8540
RTSI,0,20180914,100432,1087.150000000,146521
RTSI,0,20180914,100433,1087.120000000,16308
RTSI,0,20180914,100434,1087.260000000,4778
RTSI,0,20180914,100435,1087.290000000,9699
RTSI,0,20180914,100436,1087.200000000,50596
RTSI,0,20180914,100437,1087.220000000,47408
RTSI,0,20180914,100438,1087.250000000,101924
RTSI,0,20180914,100439,1087.310000000,19858
RTSI,0,20180914,100440,1087.400000000,252136
RTSI,0,20180914,100441,1087.390000000,33716
RTSI,0,20180914,100442,1087.360000000,37963
RTSI,0,20180914,100443,1087.330000000,14739
RTSI,0,20180914,100444,1087.310000000,25159
RTSI,0,20180914,100445,1087.340000000,8742
RTSI,0,20180914,100446,1087.340000000,3623
RTSI,0,20180914,100447,1087.500000000,43946
RTSI,0,20180914,100448,1087.570000000,31317
RTSI,0,20180914,100449,1087.590000000,5338
RTSI,0,20180914,100450,1087.530000000,6340
RTSI,0,20180914,100451,1087.580000000,5868
RTSI,0,20180914,100452,1087.630000000,12365
RTSI,0,20180914,100453,1087.580000000,21616
RTSI,0,20180914,100454,1087.550000000,22910
RTSI,0,20180914,100455,1087.510000000,6479
RTSI,0,20180914,100456,1087.530000000,7935
RTSI,0,20180914,100457,1087.520000000,806
RTSI,0,20180914,100458,1087.530000000,22239
RTSI,0,20180914,100459,1087.580000000,18081
RTSI,0,20180914,100500,1087.560000000,23909
RTSI,0,20180914,100501,1087.480000000,37108
RTSI,0,20180914,100502,1087.400000000,20247
RTSI,0,20180914,100503,1087.420000000,19793
RTSI,0,20180914,100504,1087.460000000,32125
RTSI,0,20180914,100505,1087.390000000,54260
RTSI,0,20180914,100506,1087.400000000,4454
RTSI,0,20180914,100507,1087.510000000,46640
RTSI,0,20180914,100508,1087.470000000,2399
RTSI,0,20180914,100509,1087.520000000,4041
RTSI,0,20180914,100510,1087.860000000,167962
RTSI,0,20180914,100511,1087.770000000,16971
RTSI,0,20180914,100512,1087.690000000,20940
RTSI,0,20180914,100513,1087.680000000,111763
RTSI,0,20180914,100514,1087.500000000,48500
RTSI,0,20180914,100515,1087.480000000,8875
RTSI,0,20180914,100516,1087.530000000,32160
RTSI,0,20180914,100517,1087.490000000,13010
RTSI,0,20180914,100518,1087.510000000,7011
RTSI,0,20180914,100519,1087.540000000,1708
RTSI,0,20180914,100520,1087.610000000,859
RTSI,0,20180914,100521,1087.680000000,14493
RTSI,0,20180914,100522,1087.540000000,19839
RTSI,0,20180914,100523,1087.550000000,6201
RTSI,0,20180914,100524,1087.550000000,2642
RTSI,0,20180914,100525,1087.540000000,74728
RTSI,0,20180914,100526,1087.460000000,16665
RTSI,0,20180914,100527,1087.530000000,30215
RTSI,0,20180914,100528,1087.540000000,89954
RTSI,0,20180914,100529,1087.540000000,32967
RTSI,0,20180914,100530,1087.820000000,42198
RTSI,0,20180914,100531,1087.850000000,10795
RTSI,0,20180914,100532,1087.790000000,23703
RTSI,0,20180914,100533,1087.680000000,71820
RTSI,0,20180914,100534,1087.720000000,2860
RTSI,0,20180914,100535,1087.700000000,9674
RTSI,0,20180914,100536,1087.670000000,35690
RTSI,0,20180914,100537,1087.630000000,222
RTSI,0,20180914,100538,1087.660000000,66314
RTSI,0,20180914,100539,1087.760000000,15903
RTSI,0,20180914,100540,1087.700000000,4428
RTSI,0,20180914,100541,1087.750000000,7191
RTSI,0,20180914,100542,1087.660000000,17331
RTSI,0,20180914,100543,1087.710000000,5021
RTSI,0,20180914,100544,1087.700000000,18254
RTSI,0,20180914,100545,1087.740000000,4256
RTSI,0,20180914,100546,1087.680000000,3687
RTSI,0,20180914,100547,1087.760000000,3054
RTSI,0,20180914,100548,1087.780000000,28182
RTSI,0,20180914,100549,1087.750000000,709130
RTSI,0,20180914,100550,1087.700000000,53734
RTSI,0,20180914,100551,1087.640000000,32692
RTSI,0,20180914,100552,1087.670000000,129208
RTSI,0,20180914,100553,1087.670000000,524289
RTSI,0,20180914,100554,1087.820000000,36848
RTSI,0,20180914,100555,1087.810000000,63443
RTSI,0,20180914,100556,1087.810000000,508
RTSI,0,20180914,100557,1087.890000000,14377
RTSI,0,20180914,100558,1087.790000000,21076
RTSI,0,20180914,100559,1087.670000000,28168
RTSI,0,20180914,100600,1087.750000000,1480
RTSI,0,20180914,100601,1087.760000000,32367
RTSI,0,20180914,100602,1087.860000000,69174
RTSI,0,20180914,100603,1087.900000000,26363
RTSI,0,20180914,100604,1087.950000000,121897
RTSI,0,20180914,100605,1088.010000000,54232
RTSI,0,20180914,100606,1088.030000000,36815
RTSI,0,20180914,100607,1088.270000000,149600
RTSI,0,20180914,100608,1088.270000000,6653
RTSI,0,20180914,100609,1088.280000000,16970
RTSI,0,20180914,100610,1088.330000000,80353
RTSI,0,20180914,100611,1088.380000000,35563
RTSI,0,20180914,100612,1088.320000000,36388
RTSI,0,20180914,100613,1088.370000000,1714
RTSI,0,20180914,100614,1088.460000000,17448
RTSI,0,20180914,100615,1088.340000000,12417
RTSI,0,20180914,100616,1088.420000000,3629
RTSI,0,20180914,100617,1088.480000000,77104
RTSI,0,20180914,100618,1088.390000000,11292
RTSI,0,20180914,100619,1088.250000000,171125
RTSI,0,20180914,100620,1088.320000000,12690
RTSI,0,20180914,100621,1088.470000000,6191
RTSI,0,20180914,100622,1088.570000000,16327
RTSI,0,20180914,100623,1088.570000000,392
RTSI,0,20180914,100624,1088.520000000,15463
RTSI,0,20180914,100625,1088.470000000,5587
RTSI,0,20180914,100626,1088.520000000,1513
RTSI,0,20180914,100627,1088.510000000,55473
RTSI,0,20180914,100628,1088.680000000,175898
RTSI,0,20180914,100629,1088.650000000,62240
RTSI,0,20180914,100630,1088.810000000,37665
RTSI,0,20180914,100631,1088.780000000,614
RTSI,0,20180914,100632,1088.310000000,54270
RTSI,0,20180914,100633,1088.380000000,6319
RTSI,0,20180914,100634,1088.380000000,12161
RTSI,0,20180914,100635,1088.540000000,24585
RTSI,0,20180914,100636,1088.450000000,6849
RTSI,0,20180914,100637,1088.400000000,68184
RTSI,0,20180914,100638,1088.350000000,23593
RTSI,0,20180914,100639,1088.360000000,79641
RTSI,0,20180914,100640,1088.360000000,5455
RTSI,0,20180914,100641,1088.300000000,70480
RTSI,0,20180914,100642,1088.180000000,22562
RTSI,0,20180914,100643,1088.100000000,15716
RTSI,0,20180914,100644,1088.160000000,28719
RTSI,0,20180914,100645,1088.250000000,29787
RTSI,0,20180914,100646,1088.170000000,3153
RTSI,0,20180914,100647,1088.090000000,9111
RTSI,0,20180914,100648,1088.000000000,132846
RTSI,0,20180914,100649,1088.020000000,16138
RTSI,0,20180914,100650,1088.090000000,893
RTSI,0,20180914,100651,1088.090000000,7441
RTSI,0,20180914,100652,1088.140000000,1033
RTSI,0,20180914,100653,1088.120000000,79726
RTSI,0,20180914,100654,1088.120000000,9505
RTSI,0,20180914,100655,1088.130000000,1474
RTSI,0,20180914,100656,1088.120000000,670
RTSI,0,20180914,100657,1088.080000000,6904
RTSI,0,20180914,100658,1088.080000000,15845
RTSI,0,20180914,100659,1088.190000000,54765
RTSI,0,20180914,100700,1088.230000000,2247
RTSI,0,20180914,100701,1088.390000000,29291
RTSI,0,20180914,100702,1088.350000000,82775
RTSI,0,20180914,100703,1088.360000000,6781
RTSI,0,20180914,100704,1088.410000000,71741
RTSI,0,20180914,100705,1088.400000000,33211
RTSI,0,20180914,100706,1088.390000000,12427
RTSI,0,20180914,100707,1088.400000000,6949
RTSI,0,20180914,100708,1088.490000000,11274
RTSI,0,20180914,100709,1088.490000000,4995
RTSI,0,20180914,100710,1088.440000000,1995
RTSI,0,20180914,100711,1088.490000000,17565
RTSI,0,20180914,100712,1088.390000000,14157
RTSI,0,20180914,100713,1088.480000000,14152
RTSI,0,20180914,100714,1088.490000000,3374
RTSI,0,20180914,100715,1088.500000000,3912
RTSI,0,20180914,100716,1088.550000000,1915
RTSI,0,20180914,100717,1088.540000000,12391
RTSI,0,20180914,100718,1088.680000000,69404
RTSI,0,20180914,100719,1088.620000000,1556
RTSI,0,20180914,100720,1088.650000000,7901
RTSI,0,20180914,100721,1088.560000000,5529
RTSI,0,20180914,100722,1088.550000000,14891
RTSI,0,20180914,100723,1088.540000000,355
RTSI,0,20180914,100724,1088.500000000,27344
RTSI,0,20180914,100725,1088.520000000,12303
RTSI,0,20180914,100726,1088.520000000,5851
RTSI,0,20180914,100727,1088.580000000,23164
RTSI,0,20180914,100728,1088.690000000,11612
RTSI,0,20180914,100729,1088.680000000,1488
RTSI,0,20180914,100730,1088.690000000,6119
RTSI,0,20180914,100731,1088.700000000,25228
RTSI,0,20180914,100732,1088.750000000,12768
RTSI,0,20180914,100733,1088.680000000,2294
RTSI,0,20180914,100734,1088.660000000,16399
RTSI,0,20180914,100735,1088.610000000,707
RTSI,0,20180914,100736,1088.640000000,1064
RTSI,0,20180914,100737,1088.640000000,3025
RTSI,0,20180914,100738,1088.730000000,30344
RTSI,0,20180914,100739,1088.770000000,25572
RTSI,0,20180914,100740,1088.750000000,6675
RTSI,0,20180914,100741,1088.770000000,10507
RTSI,0,20180914,100742,1088.730000000,9268
RTSI,0,20180914,100743,1088.740000000,2409
RTSI,0,20180914,100744,1088.790000000,8653
RTSI,0,20180914,100745,1088.780000000,7316
RTSI,0,20180914,100746,1088.700000000,28621
RTSI,0,20180914,100747,1088.710000000,1135
RTSI,0,20180914,100748,1088.700000000,6690
RTSI,0,20180914,100749,1088.870000000,84758
RTSI,0,20180914,100750,1088.710000000,28768
RTSI,0,20180914,100751,1088.800000000,2720
RTSI,0,20180914,100752,1088.720000000,3177
RTSI,0,20180914,100753,1088.870000000,65339
RTSI,0,20180914,100754,1088.890000000,100351
RTSI,0,20180914,100755,1088.740000000,16723
RTSI,0,20180914,100756,1088.850000000,27747
RTSI,0,20180914,100757,1088.820000000,10385
RTSI,0,20180914,100758,1088.810000000,707
RTSI,0,20180914,100759,1088.810000000,151
RTSI,0,20180914,100800,1088.810000000,2409
RTSI,0,20180914,100801,1088.710000000,48832
RTSI,0,20180914,100802,1088.750000000,4958
RTSI,0,20180914,100803,1088.770000000,7023
RTSI,0,20180914,100804,1088.750000000,2989
RTSI,0,20180914,100805,1088.760000000,29677
RTSI,0,20180914,100806,1088.770000000,1878
RTSI,0,20180914,100807,1088.820000000,34014
RTSI,0,20180914,100808,1088.840000000,542
RTSI,0,20180914,100809,1088.730000000,6549
RTSI,0,20180914,100810,1088.700000000,1608
RTSI,0,20180914,100811,1088.600000000,4284
RTSI,0,20180914,100812,1088.660000000,609
RTSI,0,20180914,100813,1088.600000000,1105
RTSI,0,20180914,100814,1088.570000000,78403
RTSI,0,20180914,100815,1088.620000000,28724
RTSI,0,20180914,100816,1088.690000000,4457
RTSI,0,20180914,100817,1088.630000000,3640
RTSI,0,20180914,100818,1088.630000000,2931
RTSI,0,20180914,100819,1088.610000000,1078
RTSI,0,20180914,100820,1088.620000000,1992
RTSI,0,20180914,100821,1088.700000000,30572
RTSI,0,20180914,100822,1088.740000000,54677
RTSI,0,20180914,100823,1088.770000000,8430
RTSI,0,20180914,100824,1088.800000000,15474
RTSI,0,20180914,100825,1088.800000000,23029
RTSI,0,20180914,100826,1088.810000000,8362
RTSI,0,20180914,100827,1088.910000000,109172
RTSI,0,20180914,100828,1088.930000000,60955
RTSI,0,20180914,100829,1088.910000000,12093
RTSI,0,20180914,100830,1089.000000000,81318
RTSI,0,20180914,100831,1089.010000000,48486
RTSI,0,20180914,100832,1088.990000000,186719
RTSI,0,20180914,100833,1088.940000000,86388
RTSI,0,20180914,100834,1088.880000000,30420
RTSI,0,20180914,100835,1088.920000000,9726
RTSI,0,20180914,100836,1088.850000000,20546
RTSI,0,20180914,100837,1088.820000000,5194
RTSI,0,20180914,100838,1088.820000000,33719
RTSI,0,20180914,100839,1088.960000000,89128
RTSI,0,20180914,100840,1088.970000000,10223
RTSI,0,20180914,100841,1088.990000000,11546
RTSI,0,20180914,100842,1088.980000000,33705
RTSI,0,20180914,100843,1088.830000000,11028
RTSI,0,20180914,100844,1088.850000000,10134
RTSI,0,20180914,100845,1088.920000000,9044
RTSI,0,20180914,100846,1088.910000000,22766
RTSI,0,20180914,100847,1088.850000000,1360
RTSI,0,20180914,100848,1088.840000000,7809
RTSI,0,20180914,100849,1088.840000000,2347
RTSI,0,20180914,100850,1088.830000000,2140
RTSI,0,20180914,100851,1088.870000000,14955
RTSI,0,20180914,100852,1088.810000000,15468
RTSI,0,20180914,100853,1088.810000000,6143
RTSI,0,20180914,100854,1088.940000000,7335
RTSI,0,20180914,100855,1088.950000000,11497
RTSI,0,20180914,100856,1088.920000000,2229
RTSI,0,20180914,100857,1088.940000000,25908
RTSI,0,20180914,100858,1088.930000000,1170
RTSI,0,20180914,100859,1088.930000000,6276
RTSI,0,20180914,100900,1088.930000000,18230
RTSI,0,20180914,100901,1088.920000000,4198
RTSI,0,20180914,100902,1088.840000000,23985
RTSI,0,20180914,100903,1088.780000000,8119
RTSI,0,20180914,100904,1088.840000000,36859
RTSI,0,20180914,100905,1088.830000000,5502
RTSI,0,20180914,100906,1088.830000000,41068
RTSI,0,20180914,100907,1088.760000000,28386
RTSI,0,20180914,100908,1088.780000000,34736
RTSI,0,20180914,100909,1088.760000000,570
RTSI,0,20180914,100910,1088.720000000,17956
RTSI,0,20180914,100911,1088.730000000,1488
RTSI,0,20180914,100912,1088.650000000,8641
RTSI,0,20180914,100913,1088.730000000,5764
RTSI,0,20180914,100914,1088.790000000,22995
RTSI,0,20180914,100915,1088.780000000,104983
RTSI,0,20180914,100916,1088.700000000,8498
RTSI,0,20180914,100917,1088.700000000,1654
RTSI,0,20180914,100918,1088.710000000,1261
RTSI,0,20180914,100919,1088.650000000,30788
RTSI,0,20180914,100920,1088.580000000,6707
RTSI,0,20180914,100921,1088.560000000,708
RTSI,0,20180914,100922,1088.640000000,18058
RTSI,0,20180914,100923,1088.640000000,29732
RTSI,0,20180914,100924,1088.600000000,1935
RTSI,0,20180914,100925,1088.550000000,2070
RTSI,0,20180914,100926,1088.510000000,5313
RTSI,0,20180914,100927,1088.490000000,18979
RTSI,0,20180914,100928,1088.430000000,20748
RTSI,0,20180914,100929,1088.430000000,30291
RTSI,0,20180914,100930,1088.390000000,12257
RTSI,0,20180914,100931,1088.430000000,31716
RTSI,0,20180914,100932,1088.350000000,37054
RTSI,0,20180914,100933,1088.340000000,369
RTSI,0,20180914,100934,1088.300000000,16613
RTSI,0,20180914,100935,1088.270000000,1130
RTSI,0,20180914,100936,1088.260000000,7552
RTSI,0,20180914,100937,1088.290000000,13753
RTSI,0,20180914,100938,1088.280000000,339
RTSI,0,20180914,100939,1088.270000000,7744
RTSI,0,20180914,100940,1088.260000000,2945
RTSI,0,20180914,100941,1088.230000000,3845
RTSI,0,20180914,100942,1088.260000000,5625
RTSI,0,20180914,100943,1088.260000000,6484
RTSI,0,20180914,100944,1088.280000000,376
RTSI,0,20180914,100945,1088.280000000,1145
RTSI,0,20180914,100946,1088.270000000,10940
RTSI,0,20180914,100947,1088.300000000,27
RTSI,0,20180914,100948,1088.420000000,91603
RTSI,0,20180914,100949,1088.420000000,171
RTSI,0,20180914,100950,1088.470000000,21359
RTSI,0,20180914,100951,1088.480000000,20960
RTSI,0,20180914,100952,1088.500000000,55422
RTSI,0,20180914,100953,1088.490000000,6117
RTSI,0,20180914,100954,1088.510000000,27403
RTSI,0,20180914,100955,1088.510000000,2097
RTSI,0,20180914,100956,1088.510000000,8631
RTSI,0,20180914,100957,1088.460000000,8643
RTSI,0,20180914,100958,1088.420000000,205572
RTSI,0,20180914,100959,1088.380000000,9946
RTSI,0,20180914,101000,1088.380000000,5457
RTSI,0,20180914,101001,1088.410000000,13643
RTSI,0,20180914,101002,1088.370000000,3660
RTSI,0,20180914,101003,1088.380000000,3916
RTSI,0,20180914,101004,1088.350000000,1625
RTSI,0,20180914,101005,1088.350000000,1456
RTSI,0,20180914,101006,1088.300000000,11489
RTSI,0,20180914,101007,1088.310000000,61613
RTSI,0,20180914,101008,1088.310000000,5068
RTSI,0,20180914,101009,1088.310000000,179
RTSI,0,20180914,101010,1088.350000000,16365
RTSI,0,20180914,101011,1088.350000000,454
RTSI,0,20180914,101012,1088.300000000,0
RTSI,0,20180914,101013,1088.310000000,28858
RTSI,0,20180914,101014,1088.340000000,11070
RTSI,0,20180914,101015,1088.330000000,3228
RTSI,0,20180914,101016,1088.450000000,353305
RTSI,0,20180914,101017,1088.530000000,13991
RTSI,0,20180914,101018,1088.330000000,37014
RTSI,0,20180914,101019,1088.430000000,10617
RTSI,0,20180914,101020,1088.440000000,3009
RTSI,0,20180914,101021,1088.390000000,10863
RTSI,0,20180914,101022,1088.310000000,40445
RTSI,0,20180914,101023,1088.320000000,20670
RTSI,0,20180914,101024,1088.340000000,1980
RTSI,0,20180914,101025,1088.330000000,4511
RTSI,0,20180914,101026,1088.250000000,18636
RTSI,0,20180914,101027,1088.290000000,14496
RTSI,0,20180914,101028,1088.300000000,30055
RTSI,0,20180914,101029,1088.220000000,6722
RTSI,0,20180914,101030,1088.210000000,9952
RTSI,0,20180914,101031,1088.150000000,3332
RTSI,0,20180914,101032,1088.140000000,1055
RTSI,0,20180914,101033,1088.190000000,13772
RTSI,0,20180914,101034,1088.080000000,3546
RTSI,0,20180914,101035,1088.090000000,4380
RTSI,0,20180914,101036,1088.100000000,1081
RTSI,0,20180914,101037,1088.090000000,10017
RTSI,0,20180914,101038,1088.120000000,8461
RTSI,0,20180914,101039,1088.150000000,17449
RTSI,0,20180914,101040,1088.160000000,9122
RTSI,0,20180914,101041,1088.080000000,62418
RTSI,0,20180914,101042,1088.090000000,723
RTSI,0,20180914,101043,1088.080000000,5117
RTSI,0,20180914,101044,1088.100000000,17324
RTSI,0,20180914,101045,1088.050000000,4547
RTSI,0,20180914,101046,1088.050000000,12916
RTSI,0,20180914,101047,1088.030000000,6079
RTSI,0,20180914,101048,1088.040000000,50845
RTSI,0,20180914,101049,1088.060000000,5473
RTSI,0,20180914,101050,1088.070000000,11758
RTSI,0,20180914,101051,1088.070000000,998
RTSI,0,20180914,101052,1087.970000000,27036
RTSI,0,20180914,101053,1087.970000000,21716
RTSI,0,20180914,101054,1088.020000000,27958
RTSI,0,20180914,101055,1088.080000000,15291
RTSI,0,20180914,101056,1088.070000000,2435
RTSI,0,20180914,101057,1088.170000000,7001
RTSI,0,20180914,101058,1088.100000000,4317
RTSI,0,20180914,101059,1088.110000000,25746
RTSI,0,20180914,101100,1088.080000000,10551
RTSI,0,20180914,101101,1088.040000000,6347
RTSI,0,20180914,101102,1088.080000000,22043
RTSI,0,20180914,101103,1088.080000000,704
RTSI,0,20180914,101104,1088.110000000,17167
RTSI,0,20180914,101105,1088.060000000,67057
RTSI,0,20180914,101106,1088.050000000,108865
RTSI,0,20180914,101107,1088.020000000,10819
RTSI,0,20180914,101108,1088.190000000,20252
RTSI,0,20180914,101109,1088.130000000,5179
RTSI,0,20180914,101110,1088.120000000,16950
RTSI,0,20180914,101111,1088.160000000,1502
RTSI,0,20180914,101112,1088.090000000,3560
RTSI,0,20180914,101113,1088.110000000,3955
RTSI,0,20180914,101114,1088.110000000,9972
RTSI,0,20180914,101115,1088.090000000,11309
RTSI,0,20180914,101116,1088.090000000,95
RTSI,0,20180914,101117,1088.110000000,9114
RTSI,0,20180914,101118,1088.110000000,6444
RTSI,0,20180914,101119,1088.100000000,3510
RTSI,0,20180914,101120,1088.160000000,10838
RTSI,0,20180914,101121,1088.170000000,82435
RTSI,0,20180914,101122,1088.090000000,3588
RTSI,0,20180914,101123,1088.140000000,14012
RTSI,0,20180914,101124,1088.210000000,12298
RTSI,0,20180914,101125,1088.210000000,102602
RTSI,0,20180914,101126,1088.220000000,13395
RTSI,0,20180914,101127,1088.300000000,9953
RTSI,0,20180914,101128,1088.300000000,1070
RTSI,0,20180914,101129,1088.280000000,8128
RTSI,0,20180914,101130,1088.280000000,25637
RTSI,0,20180914,101131,1088.330000000,10848
RTSI,0,20180914,101132,1088.350000000,2048
RTSI,0,20180914,101133,1088.380000000,18275
RTSI,0,20180914,101134,1088.390000000,642
RTSI,0,20180914,101135,1088.420000000,10156
RTSI,0,20180914,101136,1088.430000000,37578
RTSI,0,20180914,101137,1088.400000000,2117
RTSI,0,20180914,101138,1088.410000000,5459
RTSI,0,20180914,101139,1088.360000000,39801
RTSI,0,20180914,101140,1088.340000000,51471
RTSI,0,20180914,101141,1088.350000000,99535
RTSI,0,20180914,101142,1088.410000000,23913
RTSI,0,20180914,101143,1088.410000000,19385
RTSI,0,20180914,101144,1088.410000000,121591
RTSI,0,20180914,101145,1088.430000000,68994
RTSI,0,20180914,101146,1088.460000000,132
RTSI,0,20180914,101147,1088.460000000,2853
RTSI,0,20180914,101148,1088.410000000,34705
RTSI,0,20180914,101149,1088.350000000,56017
RTSI,0,20180914,101150,1088.400000000,3408
RTSI,0,20180914,101151,1088.390000000,2405
RTSI,0,20180914,101152,1088.400000000,20410
RTSI,0,20180914,101153,1088.340000000,29907
RTSI,0,20180914,101154,1088.330000000,2167
RTSI,0,20180914,101155,1088.340000000,20668
RTSI,0,20180914,101156,1088.370000000,5308
RTSI,0,20180914,101157,1088.360000000,9096
RTSI,0,20180914,101158,1088.370000000,6761
RTSI,0,20180914,101159,1088.390000000,5501
RTSI,0,20180914,101200,1088.430000000,678
RTSI,0,20180914,101201,1088.400000000,61947
RTSI,0,20180914,101202,1088.400000000,9414
RTSI,0,20180914,101203,1088.370000000,11271
RTSI,0,20180914,101204,1088.370000000,4515
RTSI,0,20180914,101205,1088.310000000,8222
RTSI,0,20180914,101206,1088.350000000,64510
RTSI,0,20180914,101207,1088.380000000,11794
RTSI,0,20180914,101208,1088.420000000,23034
RTSI,0,20180914,101209,1088.380000000,3134
RTSI,0,20180914,101210,1088.430000000,398
RTSI,0,20180914,101211,1088.410000000,32852
RTSI,0,20180914,101212,1088.400000000,57964
RTSI,0,20180914,101213,1088.420000000,3766
RTSI,0,20180914,101214,1088.430000000,8024
RTSI,0,20180914,101215,1088.360000000,33130
RTSI,0,20180914,101216,1088.340000000,8088
RTSI,0,20180914,101217,1088.380000000,79012
RTSI,0,20180914,101218,1088.400000000,139506
RTSI,0,20180914,101219,1088.450000000,355182
RTSI,0,20180914,101220,1088.610000000,763973
RTSI,0,20180914,101221,1088.610000000,84797
RTSI,0,20180914,101222,1088.600000000,45436
RTSI,0,20180914,101223,1088.630000000,585158
RTSI,0,20180914,101224,1088.650000000,24085
RTSI,0,20180914,101225,1088.710000000,64155
RTSI,0,20180914,101226,1088.780000000,78782
RTSI,0,20180914,101227,1088.800000000,41315
RTSI,0,20180914,101228,1088.810000000,11192
RTSI,0,20180914,101229,1088.820000000,41840
RTSI,0,20180914,101230,1088.830000000,7742
RTSI,0,20180914,101231,1088.790000000,7397
RTSI,0,20180914,101232,1088.680000000,18805
RTSI,0,20180914,101233,1088.680000000,1916
RTSI,0,20180914,101234,1088.700000000,1316
RTSI,0,20180914,101235,1088.740000000,137016
RTSI,0,20180914,101236,1088.750000000,114191
RTSI,0,20180914,101237,1088.790000000,39152
RTSI,0,20180914,101238,1088.770000000,12385
RTSI,0,20180914,101239,1088.800000000,74198
RTSI,0,20180914,101240,1088.810000000,6756
RTSI,0,20180914,101241,1088.850000000,21203
RTSI,0,20180914,101242,1088.850000000,4021
RTSI,0,20180914,101243,1088.850000000,11753
RTSI,0,20180914,101244,1088.800000000,18639
RTSI,0,20180914,101245,1088.830000000,9482
RTSI,0,20180914,101246,1088.860000000,13724
RTSI,0,20180914,101247,1088.850000000,30477
RTSI,0,20180914,101248,1088.830000000,71618
RTSI,0,20180914,101249,1088.900000000,135754
RTSI,0,20180914,101250,1088.910000000,7988
RTSI,0,20180914,101251,1088.840000000,29606
RTSI,0,20180914,101252,1088.770000000,133361
RTSI,0,20180914,101253,1088.820000000,26477
RTSI,0,20180914,101254,1088.850000000,87122
RTSI,0,20180914,101255,1088.820000000,58000
RTSI,0,20180914,101256,1088.780000000,48054
RTSI,0,20180914,101257,1088.820000000,4672
RTSI,0,20180914,101258,1088.920000000,302164
RTSI,0,20180914,101259,1089.020000000,34265
RTSI,0,20180914,101300,1088.990000000,17324
RTSI,0,20180914,101301,1089.040000000,164493
RTSI,0,20180914,101302,1089.080000000,59796
RTSI,0,20180914,101303,1089.020000000,8698
RTSI,0,20180914,101304,1089.050000000,22084
RTSI,0,20180914,101305,1089.200000000,170060
RTSI,0,20180914,101306,1089.240000000,22760
RTSI,0,20180914,101307,1089.250000000,27295
RTSI,0,20180914,101308,1089.210000000,171710
RTSI,0,20180914,101309,1089.240000000,36266
RTSI,0,20180914,101310,1089.300000000,4568
RTSI,0,20180914,101311,1089.300000000,20193
RTSI,0,20180914,101312,1089.340000000,148275
RTSI,0,20180914,101313,1089.380000000,133576
RTSI,0,20180914,101314,1089.510000000,139121
RTSI,0,20180914,101315,1089.570000000,130599
RTSI,0,20180914,101316,1089.470000000,289777
RTSI,0,20180914,101317,1089.420000000,492408
RTSI,0,20180914,101318,1089.410000000,63319
RTSI,0,20180914,101319,1089.420000000,21507
RTSI,0,20180914,101320,1089.480000000,12930
RTSI,0,20180914,101321,1089.490000000,2117
RTSI,0,20180914,101322,1089.400000000,22892
RTSI,0,20180914,101323,1089.420000000,4909
RTSI,0,20180914,101324,1089.430000000,2517
RTSI,0,20180914,101325,1089.420000000,5366
RTSI,0,20180914,101326,1089.440000000,4904
RTSI,0,20180914,101327,1089.500000000,117187
RTSI,0,20180914,101328,1089.400000000,38915
RTSI,0,20180914,101329,1089.390000000,42553
RTSI,0,20180914,101330,1089.360000000,47973
RTSI,0,20180914,101331,1089.370000000,6620
RTSI,0,20180914,101332,1089.400000000,22886
RTSI,0,20180914,101333,1089.370000000,12769
RTSI,0,20180914,101334,1089.460000000,37059
RTSI,0,20180914,101335,1089.660000000,258511
RTSI,0,20180914,101336,1089.820000000,225049
RTSI,0,20180914,101337,1089.900000000,110745
RTSI,0,20180914,101338,1089.920000000,26826
RTSI,0,20180914,101339,1089.780000000,99349
RTSI,0,20180914,101340,1089.880000000,7018
RTSI,0,20180914,101341,1089.970000000,10014
RTSI,0,20180914,101342,1090.020000000,21842
RTSI,0,20180914,101343,1089.950000000,23713
RTSI,0,20180914,101344,1089.870000000,11608
RTSI,0,20180914,101345,1089.900000000,10777
RTSI,0,20180914,101346,1089.920000000,65330
RTSI,0,20180914,101347,1089.920000000,62245
RTSI,0,20180914,101348,1089.820000000,17387
RTSI,0,20180914,101349,1089.900000000,89102
RTSI,0,20180914,101350,1090.010000000,217881
RTSI,0,20180914,101351,1089.990000000,36369
RTSI,0,20180914,101352,1090.030000000,1542
RTSI,0,20180914,101353,1089.960000000,27122
RTSI,0,20180914,101354,1089.960000000,16080
RTSI,0,20180914,101355,1089.970000000,19115
RTSI,0,20180914,101356,1090.010000000,27429
RTSI,0,20180914,101357,1090.140000000,53597
RTSI,0,20180914,101358,1090.090000000,59228
RTSI,0,20180914,101359,1090.030000000,18919
RTSI,0,20180914,101400,1090.010000000,10498
RTSI,0,20180914,101401,1089.960000000,62931
RTSI,0,20180914,101402,1090.020000000,18310
RTSI,0,20180914,101403,1089.980000000,190320
RTSI,0,20180914,101404,1090.060000000,202971
RTSI,0,20180914,101405,1090.050000000,46460
RTSI,0,20180914,101406,1090.000000000,36072
RTSI,0,20180914,101407,1090.080000000,49624
RTSI,0,20180914,101408,1090.230000000,34621
RTSI,0,20180914,101409,1090.300000000,14929
RTSI,0,20180914,101410,1090.280000000,59604
RTSI,0,20180914,101411,1090.330000000,24086
RTSI,0,20180914,101412,1090.290000000,79398
RTSI,0,20180914,101413,1090.290000000,16813
RTSI,0,20180914,101414,1090.300000000,41400
RTSI,0,20180914,101415,1090.260000000,123609
RTSI,0,20180914,101416,1090.200000000,57354
RTSI,0,20180914,101417,1090.190000000,43506
RTSI,0,20180914,101418,1090.280000000,70828
RTSI,0,20180914,101419,1090.230000000,80147
RTSI,0,20180914,101420,1090.210000000,1837
RTSI,0,20180914,101421,1090.250000000,14401
RTSI,0,20180914,101422,1090.200000000,69520
RTSI,0,20180914,101423,1090.170000000,49300
RTSI,0,20180914,101424,1090.160000000,4472
RTSI,0,20180914,101425,1090.230000000,39817
RTSI,0,20180914,101426,1090.230000000,14779
RTSI,0,20180914,101427,1090.120000000,447593
RTSI,0,20180914,101428,1090.190000000,75847
RTSI,0,20180914,101429,1090.220000000,50577
RTSI,0,20180914,101430,1090.200000000,4508
RTSI,0,20180914,101431,1090.180000000,121
RTSI,0,20180914,101432,1090.160000000,13424
RTSI,0,20180914,101433,1090.170000000,29771
RTSI,0,20180914,101434,1090.240000000,43978
RTSI,0,20180914,101435,1090.300000000,9345
RTSI,0,20180914,101436,1090.310000000,11643
RTSI,0,20180914,101437,1090.350000000,37161
RTSI,0,20180914,101438,1090.450000000,111279
RTSI,0,20180914,101439,1090.490000000,116738
RTSI,0,20180914,101440,1090.430000000,8844
RTSI,0,20180914,101441,1090.450000000,3922
RTSI,0,20180914,101442,1090.520000000,72649
RTSI,0,20180914,101443,1090.500000000,70722
RTSI,0,20180914,101444,1090.500000000,503
RTSI,0,20180914,101445,1090.440000000,8300
RTSI,0,20180914,101446,1090.530000000,107027
RTSI,0,20180914,101447,1090.590000000,54268
RTSI,0,20180914,101448,1090.490000000,5213
RTSI,0,20180914,101449,1090.690000000,9995
RTSI,0,20180914,101450,1090.590000000,47566
RTSI,0,20180914,101451,1090.680000000,18677
RTSI,0,20180914,101452,1090.690000000,89411
RTSI,0,20180914,101453,1090.720000000,12755
RTSI,0,20180914,101454,1090.600000000,88659
RTSI,0,20180914,101455,1090.710000000,13581
RTSI,0,20180914,101456,1090.610000000,51464
RTSI,0,20180914,101457,1090.660000000,28770
RTSI,0,20180914,101458,1090.730000000,46624
RTSI,0,20180914,101459,1090.760000000,11350
RTSI,0,20180914,101500,1090.790000000,15831
RTSI,0,20180914,101501,1090.790000000,70009
RTSI,0,20180914,101502,1090.770000000,16819
RTSI,0,20180914,101503,1090.780000000,16622
RTSI,0,20180914,101504,1090.640000000,52597
RTSI,0,20180914,101505,1090.630000000,44
RTSI,0,20180914,101506,1090.700000000,6363
RTSI,0,20180914,101507,1090.630000000,4275
RTSI,0,20180914,101508,1090.640000000,11528
RTSI,0,20180914,101509,1090.610000000,9126
RTSI,0,20180914,101510,1090.650000000,13270
RTSI,0,20180914,101511,1090.640000000,81223
RTSI,0,20180914,101512,1090.590000000,7076
RTSI,0,20180914,101513,1090.590000000,34618
RTSI,0,20180914,101514,1090.300000000,318728
RTSI,0,20180914,101515,1090.430000000,495201
RTSI,0,20180914,101516,1090.490000000,150433
RTSI,0,20180914,101517,1090.400000000,17247
RTSI,0,20180914,101518,1090.390000000,3421
RTSI,0,20180914,101519,1090.430000000,18435
RTSI,0,20180914,101520,1090.450000000,9400
RTSI,0,20180914,101521,1090.450000000,5409
RTSI,0,20180914,101522,1090.310000000,39889
RTSI,0,20180914,101523,1090.320000000,3354
RTSI,0,20180914,101524,1090.310000000,15662
RTSI,0,20180914,101525,1090.260000000,7846
RTSI,0,20180914,101526,1090.270000000,16895
RTSI,0,20180914,101527,1090.110000000,102722
RTSI,0,20180914,101528,1090.180000000,7582
RTSI,0,20180914,101529,1090.110000000,2177
RTSI,0,20180914,101530,1090.080000000,13604
RTSI,0,20180914,101531,1090.100000000,10620
RTSI,0,20180914,101532,1090.090000000,4077
RTSI,0,20180914,101533,1090.000000000,36488
RTSI,0,20180914,101534,1090.150000000,24984
RTSI,0,20180914,101535,1090.050000000,11491
RTSI,0,20180914,101536,1090.010000000,13484
RTSI,0,20180914,101537,1090.000000000,21800
RTSI,0,20180914,101538,1090.010000000,90166
RTSI,0,20180914,101539,1090.010000000,10189
RTSI,0,20180914,101540,1089.980000000,129426
RTSI,0,20180914,101541,1089.970000000,30985
RTSI,0,20180914,101542,1089.900000000,32227
RTSI,0,20180914,101543,1089.900000000,2910
RTSI,0,20180914,101544,1089.900000000,3921
RTSI,0,20180914,101545,1089.990000000,18997
RTSI,0,20180914,101546,1090.020000000,39447
RTSI,0,20180914,101547,1090.000000000,5976
RTSI,0,20180914,101548,1090.000000000,15495
RTSI,0,20180914,101549,1089.910000000,22380
RTSI,0,20180914,101550,1090.000000000,11141
RTSI,0,20180914,101551,1090.350000000,369445
RTSI,0,20180914,101552,1090.340000000,5063
RTSI,0,20180914,101553,1090.350000000,12836
RTSI,0,20180914,101554,1090.290000000,100188
RTSI,0,20180914,101555,1090.310000000,8566
RTSI,0,20180914,101556,1090.280000000,31310
RTSI,0,20180914,101557,1090.220000000,50400
RTSI,0,20180914,101558,1090.230000000,188525
RTSI,0,20180914,101559,1090.250000000,52510
RTSI,0,20180914,101600,1090.270000000,45648
RTSI,0,20180914,101601,1090.310000000,33871
RTSI,0,20180914,101602,1090.340000000,82361
RTSI,0,20180914,101603,1090.270000000,86491
RTSI,0,20180914,101604,1090.420000000,15226
RTSI,0,20180914,101605,1090.450000000,20636
RTSI,0,20180914,101606,1090.460000000,7211
RTSI,0,20180914,101607,1090.410000000,29071
RTSI,0,20180914,101608,1090.380000000,4618
RTSI,0,20180914,101609,1090.400000000,2471
RTSI,0,20180914,101610,1090.430000000,35977
RTSI,0,20180914,101611,1090.470000000,8749
RTSI,0,20180914,101612,1090.490000000,15761
RTSI,0,20180914,101613,1090.540000000,176678
RTSI,0,20180914,101614,1090.570000000,149487
RTSI,0,20180914,101615,1090.580000000,52174
RTSI,0,20180914,101616,1090.550000000,2619
RTSI,0,20180914,101617,1090.590000000,30234
RTSI,0,20180914,101618,1090.590000000,60678
RTSI,0,20180914,101619,1090.550000000,13559
RTSI,0,20180914,101620,1090.480000000,370
RTSI,0,20180914,101621,1090.510000000,110234
RTSI,0,20180914,101622,1090.500000000,51845
RTSI,0,20180914,101623,1090.470000000,45741
RTSI,0,20180914,101624,1090.410000000,44277
RTSI,0,20180914,101625,1090.410000000,112434
RTSI,0,20180914,101626,1090.440000000,69314
RTSI,0,20180914,101627,1090.470000000,99921
RTSI,0,20180914,101628,1090.410000000,33071
RTSI,0,20180914,101629,1090.440000000,161544
RTSI,0,20180914,101630,1090.390000000,34118
RTSI,0,20180914,101631,1090.390000000,70755
RTSI,0,20180914,101632,1090.400000000,6295
RTSI,0,20180914,101633,1090.380000000,3094
RTSI,0,20180914,101634,1090.430000000,285253
RTSI,0,20180914,101635,1090.600000000,88412
RTSI,0,20180914,101636,1090.580000000,24410
RTSI,0,20180914,101637,1090.580000000,37459
RTSI,0,20180914,101638,1090.600000000,21465
RTSI,0,20180914,101639,1090.550000000,14510
RTSI,0,20180914,101640,1090.570000000,19209
RTSI,0,20180914,101641,1090.590000000,34128
RTSI,0,20180914,101642,1090.610000000,44974
RTSI,0,20180914,101643,1090.620000000,38615
RTSI,0,20180914,101644,1090.630000000,5585
RTSI,0,20180914,101645,1090.630000000,3318
RTSI,0,20180914,101646,1090.620000000,13113
RTSI,0,20180914,101647,1090.590000000,8945
RTSI,0,20180914,101648,1090.620000000,16698
RTSI,0,20180914,101649,1090.620000000,9196
RTSI,0,20180914,101650,1090.540000000,63205
RTSI,0,20180914,101651,1090.660000000,58207
RTSI,0,20180914,101652,1090.680000000,10228
RTSI,0,20180914,101653,1090.670000000,26285
RTSI,0,20180914,101654,1090.620000000,39694
RTSI,0,20180914,101655,1090.660000000,8720
RTSI,0,20180914,101656,1090.660000000,2798
RTSI,0,20180914,101657,1090.730000000,3108
RTSI,0,20180914,101658,1090.740000000,57622
RTSI,0,20180914,101659,1090.750000000,49956
RTSI,0,20180914,101700,1090.770000000,32760
RTSI,0,20180914,101701,1090.690000000,142919
RTSI,0,20180914,101702,1090.630000000,11748
RTSI,0,20180914,101703,1090.650000000,144716
RTSI,0,20180914,101704,1090.660000000,44497
RTSI,0,20180914,101705,1090.700000000,110001
RTSI,0,20180914,101706,1090.790000000,42261
RTSI,0,20180914,101707,1090.740000000,91794
RTSI,0,20180914,101708,1090.730000000,57836
RTSI,0,20180914,101709,1090.900000000,114645
RTSI,0,20180914,101710,1090.910000000,80841
RTSI,0,20180914,101711,1091.150000000,499643
RTSI,0,20180914,101712,1091.160000000,28402
RTSI,0,20180914,101713,1091.280000000,55304
RTSI,0,20180914,101714,1091.220000000,48011
RTSI,0,20180914,101715,1091.140000000,20557
RTSI,0,20180914,101716,1091.170000000,47180
RTSI,0,20180914,101717,1091.310000000,47248
RTSI,0,20180914,101718,1091.310000000,66816
RTSI,0,20180914,101719,1091.290000000,20254
RTSI,0,20180914,101720,1091.260000000,66566
RTSI,0,20180914,101721,1091.330000000,54743
RTSI,0,20180914,101722,1091.340000000,14910
RTSI,0,20180914,101723,1091.330000000,7820
RTSI,0,20180914,101724,1091.290000000,55950
RTSI,0,20180914,101725,1091.210000000,49350
RTSI,0,20180914,101726,1091.110000000,30456
RTSI,0,20180914,101727,1091.140000000,35145
RTSI,0,20180914,101728,1091.160000000,19689
RTSI,0,20180914,101729,1091.180000000,5654
RTSI,0,20180914,101730,1091.180000000,2681
RTSI,0,20180914,101731,1091.240000000,98880
RTSI,0,20180914,101732,1091.260000000,49646
RTSI,0,20180914,101733,1091.240000000,2173
RTSI,0,20180914,101734,1091.220000000,49215
RTSI,0,20180914,101735,1091.210000000,26660
RTSI,0,20180914,101736,1091.290000000,69046
RTSI,0,20180914,101737,1091.320000000,192294
RTSI,0,20180914,101738,1091.330000000,98522
RTSI,0,20180914,101739,1091.390000000,51393
RTSI,0,20180914,101740,1091.210000000,46256
RTSI,0,20180914,101741,1091.270000000,4762
RTSI,0,20180914,101742,1091.280000000,8577
RTSI,0,20180914,101743,1091.320000000,28050
RTSI,0,20180914,101744,1091.320000000,20621
RTSI,0,20180914,101745,1091.340000000,152720
RTSI,0,20180914,101746,1091.410000000,97666
RTSI,0,20180914,101747,1091.300000000,25084
RTSI,0,20180914,101748,1091.460000000,81837
RTSI,0,20180914,101749,1091.490000000,79029
RTSI,0,20180914,101750,1091.510000000,69726
RTSI,0,20180914,101751,1091.450000000,4107
RTSI,0,20180914,101752,1091.370000000,9988
RTSI,0,20180914,101753,1091.370000000,59177
RTSI,0,20180914,101754,1091.370000000,43724
RTSI,0,20180914,101755,1091.260000000,31556
RTSI,0,20180914,101756,1091.310000000,4704
RTSI,0,20180914,101757,1091.270000000,4561
RTSI,0,20180914,101758,1091.320000000,5873
RTSI,0,20180914,101759,1091.340000000,102868
RTSI,0,20180914,101800,1091.190000000,241425
RTSI,0,20180914,101801,1091.360000000,69920
RTSI,0,20180914,101802,1091.280000000,3776
RTSI,0,20180914,101803,1091.270000000,38813
RTSI,0,20180914,101804,1091.310000000,13412
RTSI,0,20180914,101805,1091.330000000,16794
RTSI,0,20180914,101806,1091.270000000,15316
RTSI,0,20180914,101807,1091.270000000,58401
RTSI,0,20180914,101808,1091.280000000,37692
RTSI,0,20180914,101809,1091.310000000,16922
RTSI,0,20180914,101810,1091.260000000,1698
RTSI,0,20180914,101811,1091.290000000,9201
RTSI,0,20180914,101812,1091.190000000,415258
RTSI,0,20180914,101813,1091.140000000,38903
RTSI,0,20180914,101814,1091.220000000,125024
RTSI,0,20180914,101815,1091.240000000,51826
RTSI,0,20180914,101816,1091.130000000,19706
RTSI,0,20180914,101817,1091.190000000,15115
RTSI,0,20180914,101818,1091.280000000,92788
RTSI,0,20180914,101819,1091.150000000,35279
RTSI,0,20180914,101820,1091.220000000,36664
RTSI,0,20180914,101821,1091.070000000,50205
RTSI,0,20180914,101822,1090.990000000,494530
RTSI,0,20180914,101823,1090.400000000,396809
RTSI,0,20180914,101824,1090.280000000,80115
RTSI,0,20180914,101825,1090.360000000,22469
RTSI,0,20180914,101826,1090.440000000,27828
RTSI,0,20180914,101827,1090.100000000,73668
RTSI,0,20180914,101828,1090.120000000,30109
RTSI,0,20180914,101829,1090.180000000,22946
RTSI,0,20180914,101830,1090.190000000,9912
RTSI,0,20180914,101831,1090.170000000,39051
RTSI,0,20180914,101832,1090.150000000,81420
RTSI,0,20180914,101833,1090.140000000,48746
RTSI,0,20180914,101834,1090.040000000,75505
RTSI,0,20180914,101835,1089.890000000,80548
RTSI,0,20180914,101836,1090.030000000,44586
RTSI,0,20180914,101837,1090.030000000,5722
RTSI,0,20180914,101838,1089.940000000,105111
RTSI,0,20180914,101839,1089.920000000,9484
RTSI,0,20180914,101840,1089.990000000,6719
RTSI,0,20180914,101841,1089.880000000,7072
RTSI,0,20180914,101842,1089.820000000,155431
RTSI,0,20180914,101843,1089.690000000,124907
RTSI,0,20180914,101844,1089.650000000,60110
RTSI,0,20180914,101845,1089.550000000,40563
RTSI,0,20180914,101846,1089.290000000,132770
RTSI,0,20180914,101847,1089.380000000,20928
RTSI,0,20180914,101848,1089.380000000,105459
RTSI,0,20180914,101849,1089.330000000,21479
RTSI,0,20180914,101850,1089.320000000,47630
RTSI,0,20180914,101851,1089.300000000,34279
RTSI,0,20180914,101852,1089.380000000,74060
RTSI,0,20180914,101853,1089.460000000,16566
RTSI,0,20180914,101854,1089.450000000,66324
RTSI,0,20180914,101855,1089.460000000,1293
RTSI,0,20180914,101856,1089.500000000,3249
RTSI,0,20180914,101857,1089.530000000,2651
RTSI,0,20180914,101858,1089.610000000,4063
RTSI,0,20180914,101859,1089.680000000,17630
RTSI,0,20180914,101900,1089.820000000,302375
RTSI,0,20180914,101901,1090.050000000,96307
RTSI,0,20180914,101902,1090.110000000,14833
RTSI,0,20180914,101903,1090.040000000,29779
RTSI,0,20180914,101904,1089.960000000,69193
RTSI,0,20180914,101905,1090.030000000,16739
RTSI,0,20180914,101906,1090.160000000,9266
RTSI,0,20180914,101907,1090.150000000,4719
RTSI,0,20180914,101908,1090.090000000,6890
RTSI,0,20180914,101909,1090.130000000,14229
RTSI,0,20180914,101910,1090.120000000,3161
RTSI,0,20180914,101911,1090.120000000,4611
RTSI,0,20180914,101912,1090.130000000,19740
RTSI,0,20180914,101913,1090.090000000,71021
RTSI,0,20180914,101914,1090.140000000,1761
RTSI,0,20180914,101915,1090.150000000,40181
RTSI,0,20180914,101916,1090.160000000,2792
RTSI,0,20180914,101917,1090.140000000,3295
RTSI,0,20180914,101918,1090.240000000,162573
RTSI,0,20180914,101919,1090.320000000,64486
RTSI,0,20180914,101920,1090.140000000,627340
RTSI,0,20180914,101921,1090.180000000,41178
RTSI,0,20180914,101922,1090.040000000,25321
RTSI,0,20180914,101923,1090.050000000,38824
RTSI,0,20180914,101924,1089.920000000,7822
RTSI,0,20180914,101925,1089.970000000,12009
RTSI,0,20180914,101926,1089.960000000,15185
RTSI,0,20180914,101927,1089.980000000,20644
RTSI,0,20180914,101928,1089.970000000,17676
RTSI,0,20180914,101929,1089.970000000,91953
RTSI,0,20180914,101930,1090.000000000,2604
RTSI,0,20180914,101931,1089.850000000,247713
RTSI,0,20180914,101932,1089.840000000,38335
RTSI,0,20180914,101933,1089.670000000,81235
RTSI,0,20180914,101934,1089.670000000,2802
RTSI,0,20180914,101935,1089.770000000,5396
RTSI,0,20180914,101936,1089.640000000,24997
RTSI,0,20180914,101937,1089.640000000,56415
RTSI,0,20180914,101938,1089.560000000,66187
RTSI,0,20180914,101939,1089.660000000,22428
RTSI,0,20180914,101940,1089.710000000,35031
RTSI,0,20180914,101941,1089.670000000,5997
RTSI,0,20180914,101942,1089.670000000,6732
RTSI,0,20180914,101943,1089.690000000,5622
RTSI,0,20180914,101944,1089.690000000,59654
RTSI,0,20180914,101945,1089.680000000,2189
RTSI,0,20180914,101946,1089.640000000,13933
RTSI,0,20180914,101947,1089.720000000,69482
RTSI,0,20180914,101948,1089.760000000,11918
RTSI,0,20180914,101949,1089.710000000,23094
RTSI,0,20180914,101950,1089.700000000,5980
RTSI,0,20180914,101951,1089.770000000,22242
RTSI,0,20180914,101952,1089.800000000,28094
RTSI,0,20180914,101953,1089.720000000,285364
RTSI,0,20180914,101954,1089.520000000,51599
RTSI,0,20180914,101955,1089.570000000,9473
RTSI,0,20180914,101956,1089.790000000,62309
RTSI,0,20180914,101957,1089.710000000,16483
RTSI,0,20180914,101958,1089.760000000,12580
RTSI,0,20180914,101959,1089.790000000,21855
RTSI,0,20180914,102000,1089.790000000,627
RTSI,0,20180914,102001,1089.830000000,3527
RTSI,0,20180914,102002,1089.780000000,23040
RTSI,0,20180914,102003,1089.980000000,91224
RTSI,0,20180914,102004,1090.010000000,1362
RTSI,0,20180914,102005,1090.100000000,7061
RTSI,0,20180914,102006,1090.040000000,1827
RTSI,0,20180914,102007,1090.080000000,28673
RTSI,0,20180914,102008,1090.070000000,4426
RTSI,0,20180914,102009,1090.060000000,11303
RTSI,0,20180914,102010,1090.160000000,160005
RTSI,0,20180914,102011,1090.210000000,3660
RTSI,0,20180914,102012,1090.100000000,26838
RTSI,0,20180914,102013,1089.900000000,18013
RTSI,0,20180914,102014,1089.850000000,76377
RTSI,0,20180914,102015,1089.840000000,20372
RTSI,0,20180914,102016,1089.710000000,13508
RTSI,0,20180914,102017,1089.680000000,2273
RTSI,0,20180914,102018,1089.660000000,5666
RTSI,0,20180914,102019,1089.820000000,15622
RTSI,0,20180914,102020,1089.810000000,1284
RTSI,0,20180914,102021,1089.730000000,28812
RTSI,0,20180914,102022,1089.660000000,75966
RTSI,0,20180914,102023,1089.690000000,28711
RTSI,0,20180914,102024,1089.680000000,12584
RTSI,0,20180914,102025,1089.720000000,42847
RTSI,0,20180914,102026,1089.800000000,52625
RTSI,0,20180914,102027,1089.690000000,7291
RTSI,0,20180914,102028,1089.700000000,752
RTSI,0,20180914,102029,1089.730000000,60384
RTSI,0,20180914,102030,1089.750000000,15827
RTSI,0,20180914,102031,1089.720000000,1951
RTSI,0,20180914,102032,1089.830000000,78137
RTSI,0,20180914,102033,1089.920000000,25235
RTSI,0,20180914,102034,1089.960000000,2500
RTSI,0,20180914,102035,1089.920000000,5535
RTSI,0,20180914,102036,1089.870000000,28490
RTSI,0,20180914,102037,1089.990000000,7470
RTSI,0,20180914,102038,1089.970000000,9269
RTSI,0,20180914,102039,1090.010000000,16848
RTSI,0,20180914,102040,1089.980000000,6007
RTSI,0,20180914,102041,1089.950000000,63072
RTSI,0,20180914,102042,1090.010000000,32879
RTSI,0,20180914,102043,1089.890000000,5268
RTSI,0,20180914,102044,1089.950000000,4387
RTSI,0,20180914,102045,1089.830000000,33119
RTSI,0,20180914,102046,1089.790000000,25865
RTSI,0,20180914,102047,1089.780000000,2228
RTSI,0,20180914,102048,1089.800000000,17938
RTSI,0,20180914,102049,1089.810000000,2359
RTSI,0,20180914,102050,1089.820000000,3679
RTSI,0,20180914,102051,1089.730000000,2095
RTSI,0,20180914,102052,1089.700000000,3236
RTSI,0,20180914,102053,1089.750000000,15981
RTSI,0,20180914,102054,1089.770000000,610
RTSI,0,20180914,102055,1089.780000000,2046
RTSI,0,20180914,102056,1089.850000000,451
RTSI,0,20180914,102057,1089.760000000,35999
RTSI,0,20180914,102058,1089.800000000,6605
RTSI,0,20180914,102059,1089.740000000,1518
RTSI,0,20180914,102100,1089.860000000,8050
RTSI,0,20180914,102101,1089.840000000,688
RTSI,0,20180914,102102,1089.690000000,146688
RTSI,0,20180914,102103,1089.810000000,23807
RTSI,0,20180914,102104,1089.730000000,16822
RTSI,0,20180914,102105,1089.710000000,28865
RTSI,0,20180914,102106,1089.680000000,32084
RTSI,0,20180914,102107,1089.700000000,1314
RTSI,0,20180914,102108,1089.720000000,41684
RTSI,0,20180914,102109,1089.750000000,9871
RTSI,0,20180914,102110,1089.760000000,2800
RTSI,0,20180914,102111,1089.680000000,29578
RTSI,0,20180914,102112,1089.730000000,10107
RTSI,0,20180914,102113,1089.690000000,74921
RTSI,0,20180914,102114,1089.630000000,32942
RTSI,0,20180914,102115,1089.680000000,46598
RTSI,0,20180914,102116,1089.670000000,11356
RTSI,0,20180914,102117,1089.770000000,32976
RTSI,0,20180914,102118,1089.720000000,1271
RTSI,0,20180914,102119,1089.780000000,4670
RTSI,0,20180914,102120,1089.700000000,954991
RTSI,0,20180914,102121,1089.600000000,270727
RTSI,0,20180914,102122,1089.640000000,55110
RTSI,0,20180914,102123,1089.600000000,6040
RTSI,0,20180914,102124,1089.630000000,3574
RTSI,0,20180914,102125,1089.650000000,31816
RTSI,0,20180914,102126,1089.580000000,3463
RTSI,0,20180914,102127,1089.580000000,17274
RTSI,0,20180914,102128,1089.590000000,3646
RTSI,0,20180914,102129,1089.520000000,14982
RTSI,0,20180914,102130,1089.580000000,1081
RTSI,0,20180914,102131,1089.580000000,419
RTSI,0,20180914,102132,1089.490000000,4264
RTSI,0,20180914,102133,1089.550000000,46412
RTSI,0,20180914,102134,1089.510000000,66175
RTSI,0,20180914,102135,1089.510000000,38720
RTSI,0,20180914,102136,1089.330000000,144404
RTSI,0,20180914,102137,1089.290000000,12302
RTSI,0,20180914,102138,1089.290000000,26669
RTSI,0,20180914,102139,1089.290000000,168045
RTSI,0,20180914,102140,1089.230000000,49926
RTSI,0,20180914,102141,1089.250000000,188140
RTSI,0,20180914,102142,1089.140000000,57178
RTSI,0,20180914,102143,1089.230000000,18203
RTSI,0,20180914,102144,1089.120000000,4579
RTSI,0,20180914,102145,1089.230000000,4667
RTSI,0,20180914,102146,1089.140000000,31774
RTSI,0,20180914,102147,1089.140000000,1258
RTSI,0,20180914,102148,1089.130000000,12648
RTSI,0,20180914,102149,1089.230000000,5326
RTSI,0,20180914,102150,1089.150000000,13950
RTSI,0,20180914,102151,1089.120000000,18116
RTSI,0,20180914,102152,1089.150000000,11026
RTSI,0,20180914,102153,1089.160000000,13863
RTSI,0,20180914,102154,1089.180000000,34720
RTSI,0,20180914,102155,1089.180000000,29600
RTSI,0,20180914,102156,1089.160000000,19005
RTSI,0,20180914,102157,1089.260000000,184
RTSI,0,20180914,102158,1089.260000000,10701
RTSI,0,20180914,102159,1089.210000000,2090
RTSI,0,20180914,102200,1089.220000000,10747
RTSI,0,20180914,102201,1089.220000000,8461
RTSI,0,20180914,102202,1089.170000000,5399
RTSI,0,20180914,102203,1089.230000000,10855
RTSI,0,20180914,102204,1089.100000000,42272
RTSI,0,20180914,102205,1089.120000000,50685
RTSI,0,20180914,102206,1089.110000000,25433
RTSI,0,20180914,102207,1089.080000000,68686
RTSI,0,20180914,102208,1089.090000000,61610
RTSI,0,20180914,102209,1089.040000000,3352
RTSI,0,20180914,102210,1089.070000000,2050
RTSI,0,20180914,102211,1089.100000000,4710
RTSI,0,20180914,102212,1089.120000000,50890
RTSI,0,20180914,102213,1089.070000000,72481
RTSI,0,20180914,102214,1089.080000000,9422
RTSI,0,20180914,102215,1089.070000000,1624
RTSI,0,20180914,102216,1089.110000000,4685
RTSI,0,20180914,102217,1089.120000000,2194
RTSI,0,20180914,102218,1089.110000000,43325
RTSI,0,20180914,102219,1089.230000000,9179
RTSI,0,20180914,102220,1089.160000000,3502
RTSI,0,20180914,102221,1089.180000000,3004
RTSI,0,20180914,102222,1089.190000000,1602
RTSI,0,20180914,102223,1089.270000000,147680
RTSI,0,20180914,102224,1089.260000000,1825
RTSI,0,20180914,102225,1089.170000000,20555
RTSI,0,20180914,102226,1089.280000000,45463
RTSI,0,20180914,102227,1089.230000000,9848
RTSI,0,20180914,102228,1089.260000000,15120
RTSI,0,20180914,102229,1089.260000000,626
RTSI,0,20180914,102230,1089.250000000,8720
RTSI,0,20180914,102231,1089.230000000,506
RTSI,0,20180914,102232,1089.220000000,2869
RTSI,0,20180914,102233,1089.240000000,3963
RTSI,0,20180914,102234,1089.180000000,13386
RTSI,0,20180914,102235,1089.110000000,16717
RTSI,0,20180914,102236,1089.090000000,254
RTSI,0,20180914,102237,1089.110000000,9079
RTSI,0,20180914,102238,1089.190000000,335
RTSI,0,20180914,102239,1089.220000000,1776
RTSI,0,20180914,102240,1089.280000000,104706
RTSI,0,20180914,102241,1089.280000000,9862
RTSI,0,20180914,102242,1089.370000000,11458
RTSI,0,20180914,102243,1089.330000000,35598
RTSI,0,20180914,102244,1089.320000000,1378
RTSI,0,20180914,102245,1089.350000000,1924
RTSI,0,20180914,102246,1089.330000000,2061
RTSI,0,20180914,102247,1089.360000000,6480
RTSI,0,20180914,102248,1089.370000000,16041
RTSI,0,20180914,102249,1089.480000000,312722
RTSI,0,20180914,102250,1089.520000000,55584
RTSI,0,20180914,102251,1089.550000000,29758
RTSI,0,20180914,102252,1089.590000000,1862
RTSI,0,20180914,102253,1089.530000000,5709
RTSI,0,20180914,102254,1089.470000000,26381
RTSI,0,20180914,102255,1089.560000000,4653
RTSI,0,20180914,102256,1089.570000000,1951
RTSI,0,20180914,102257,1089.480000000,823
RTSI,0,20180914,102258,1089.600000000,7881
RTSI,0,20180914,102259,1089.600000000,6816
RTSI,0,20180914,102300,1089.570000000,2850
RTSI,0,20180914,102301,1089.580000000,5702
RTSI,0,20180914,102302,1089.670000000,127350
RTSI,0,20180914,102303,1089.680000000,3217
RTSI,0,20180914,102304,1089.570000000,33604
RTSI,0,20180914,102305,1089.580000000,1031
RTSI,0,20180914,102306,1089.570000000,1984
RTSI,0,20180914,102307,1089.640000000,62495
RTSI,0,20180914,102308,1089.580000000,60791
RTSI,0,20180914,102309,1089.600000000,3402
RTSI,0,20180914,102310,1089.630000000,9240
RTSI,0,20180914,102311,1089.680000000,30241
RTSI,0,20180914,102312,1089.680000000,3312
RTSI,0,20180914,102313,1089.630000000,6893
RTSI,0,20180914,102314,1089.760000000,4659
RTSI,0,20180914,102315,1089.760000000,1292
RTSI,0,20180914,102316,1089.750000000,20617
RTSI,0,20180914,102317,1089.700000000,9984
RTSI,0,20180914,102318,1089.610000000,6840
RTSI,0,20180914,102319,1089.680000000,6182
RTSI,0,20180914,102320,1089.640000000,113815
RTSI,0,20180914,102321,1089.600000000,41647
RTSI,0,20180914,102322,1089.620000000,1357
RTSI,0,20180914,102323,1089.610000000,23069
RTSI,0,20180914,102324,1089.600000000,28402
RTSI,0,20180914,102325,1089.640000000,1110
RTSI,0,20180914,102326,1089.620000000,5748
RTSI,0,20180914,102327,1089.550000000,35486
RTSI,0,20180914,102328,1089.570000000,3955
RTSI,0,20180914,102329,1089.570000000,7990
RTSI,0,20180914,102330,1089.570000000,629
RTSI,0,20180914,102331,1089.550000000,24194
RTSI,0,20180914,102332,1089.620000000,28057
RTSI,0,20180914,102333,1089.620000000,5359
RTSI,0,20180914,102334,1089.520000000,10039
RTSI,0,20180914,102335,1089.520000000,494
RTSI,0,20180914,102336,1089.540000000,37775
RTSI,0,20180914,102337,1089.610000000,14607
RTSI,0,20180914,102338,1089.580000000,17178
RTSI,0,20180914,102339,1089.570000000,3507
RTSI,0,20180914,102340,1089.550000000,3531
RTSI,0,20180914,102341,1089.550000000,7627
RTSI,0,20180914,102342,1089.550000000,406
RTSI,0,20180914,102343,1089.610000000,9935
RTSI,0,20180914,102344,1089.610000000,8734
RTSI,0,20180914,102345,1089.550000000,11399
RTSI,0,20180914,102346,1089.540000000,478
RTSI,0,20180914,102347,1089.510000000,29761
RTSI,0,20180914,102348,1089.500000000,777
RTSI,0,20180914,102349,1089.560000000,4698
RTSI,0,20180914,102350,1089.470000000,12710
RTSI,0,20180914,102351,1089.500000000,2707
RTSI,0,20180914,102352,1089.520000000,24402
RTSI,0,20180914,102353,1089.540000000,12115
RTSI,0,20180914,102354,1089.430000000,27647
RTSI,0,20180914,102355,1089.480000000,7935
RTSI,0,20180914,102356,1089.300000000,78682
RTSI,0,20180914,102357,1089.330000000,18873
RTSI,0,20180914,102358,1089.250000000,24268
RTSI,0,20180914,102359,1089.300000000,9241
RTSI,0,20180914,102400,1089.220000000,9365
RTSI,0,20180914,102401,1089.190000000,189
RTSI,0,20180914,102402,1089.180000000,76437
RTSI,0,20180914,102403,1089.110000000,3124
RTSI,0,20180914,102404,1089.100000000,1606
RTSI,0,20180914,102405,1089.130000000,5067
RTSI,0,20180914,102406,1089.070000000,20333
RTSI,0,20180914,102407,1089.030000000,211657
RTSI,0,20180914,102408,1089.110000000,187448
RTSI,0,20180914,102409,1089.110000000,7204
RTSI,0,20180914,102410,1089.100000000,5651
RTSI,0,20180914,102411,1089.150000000,22399
RTSI,0,20180914,102412,1089.210000000,16607
RTSI,0,20180914,102413,1089.220000000,70329
RTSI,0,20180914,102414,1089.320000000,232489
RTSI,0,20180914,102415,1089.310000000,5084
RTSI,0,20180914,102416,1089.200000000,5731
RTSI,0,20180914,102417,1088.840000000,121758
RTSI,0,20180914,102418,1088.800000000,84595
RTSI,0,20180914,102419,1088.770000000,43157
RTSI,0,20180914,102420,1088.800000000,6248
RTSI,0,20180914,102421,1088.760000000,1544
RTSI,0,20180914,102422,1088.720000000,11696
RTSI,0,20180914,102423,1088.680000000,3770
RTSI,0,20180914,102424,1088.720000000,396
RTSI,0,20180914,102425,1088.770000000,56487
RTSI,0,20180914,102426,1088.600000000,3671
RTSI,0,20180914,102427,1088.650000000,6179
RTSI,0,20180914,102428,1088.540000000,205634
RTSI,0,20180914,102429,1088.570000000,8496
RTSI,0,20180914,102430,1088.380000000,5195
RTSI,0,20180914,102431,1088.420000000,46158
RTSI,0,20180914,102432,1088.430000000,37040
RTSI,0,20180914,102433,1088.350000000,5689
RTSI,0,20180914,102434,1088.350000000,0
RTSI,0,20180914,102435,1088.320000000,1071
RTSI,0,20180914,102436,1088.300000000,6616
RTSI,0,20180914,102437,1088.220000000,23878
RTSI,0,20180914,102438,1088.300000000,781
RTSI,0,20180914,102439,1088.130000000,18241
RTSI,0,20180914,102440,1088.120000000,56392
RTSI,0,20180914,102441,1088.110000000,7864
RTSI,0,20180914,102442,1088.100000000,21787
RTSI,0,20180914,102443,1088.190000000,48336
RTSI,0,20180914,102444,1088.140000000,4434
RTSI,0,20180914,102445,1088.190000000,27378
RTSI,0,20180914,102446,1088.090000000,20527
RTSI,0,20180914,102447,1088.110000000,19701
RTSI,0,20180914,102448,1088.100000000,0
RTSI,0,20180914,102449,1088.070000000,15126
RTSI,0,20180914,102450,1088.020000000,4013
RTSI,0,20180914,102451,1088.000000000,16896
RTSI,0,20180914,102452,1088.080000000,693
RTSI,0,20180914,102453,1088.070000000,58521
RTSI,0,20180914,102454,1088.110000000,4376
RTSI,0,20180914,102455,1088.080000000,5531
RTSI,0,20180914,102456,1088.050000000,3507
RTSI,0,20180914,102457,1088.020000000,26262
RTSI,0,20180914,102458,1088.020000000,26332
RTSI,0,20180914,102459,1088.070000000,665
RTSI,0,20180914,102500,1088.240000000,175786
RTSI,0,20180914,102501,1088.290000000,119640
RTSI,0,20180914,102502,1088.160000000,7171
RTSI,0,20180914,102503,1088.150000000,139
RTSI,0,20180914,102504,1088.090000000,52
RTSI,0,20180914,102505,1088.050000000,21052
RTSI,0,20180914,102506,1087.980000000,797
RTSI,0,20180914,102507,1087.950000000,52904
RTSI,0,20180914,102508,1087.890000000,79480
RTSI,0,20180914,102509,1087.840000000,17515
RTSI,0,20180914,102510,1087.840000000,0
RTSI,0,20180914,102511,1087.830000000,28760
RTSI,0,20180914,102512,1087.860000000,44015
RTSI,0,20180914,102513,1087.860000000,9971
RTSI,0,20180914,102514,1087.840000000,47177
RTSI,0,20180914,102515,1087.820000000,9343
RTSI,0,20180914,102516,1087.860000000,6245
RTSI,0,20180914,102517,1087.830000000,39121
RTSI,0,20180914,102518,1087.880000000,150293
RTSI,0,20180914,102519,1088.060000000,49231
RTSI,0,20180914,102520,1088.060000000,40837
RTSI,0,20180914,102521,1088.100000000,13434
RTSI,0,20180914,102522,1087.970000000,8952
RTSI,0,20180914,102523,1088.050000000,9208
RTSI,0,20180914,102524,1088.070000000,97053
RTSI,0,20180914,102525,1088.010000000,3810
RTSI,0,20180914,102526,1087.990000000,0
RTSI,0,20180914,102527,1087.960000000,806
RTSI,0,20180914,102528,1088.110000000,29524
RTSI,0,20180914,102529,1088.110000000,905
RTSI,0,20180914,102530,1088.140000000,21636
RTSI,0,20180914,102531,1088.290000000,1784
RTSI,0,20180914,102532,1088.270000000,24551
RTSI,0,20180914,102533,1088.290000000,1210
RTSI,0,20180914,102534,1088.220000000,2957
RTSI,0,20180914,102535,1088.210000000,7770
RTSI,0,20180914,102536,1088.180000000,66854
RTSI,0,20180914,102537,1088.150000000,6266
RTSI,0,20180914,102538,1088.110000000,3155
RTSI,0,20180914,102539,1088.100000000,8605
RTSI,0,20180914,102540,1088.100000000,871
RTSI,0,20180914,102541,1088.180000000,45656
RTSI,0,20180914,102542,1088.210000000,9807
RTSI,0,20180914,102543,1088.210000000,1494
RTSI,0,20180914,102544,1088.210000000,121680
RTSI,0,20180914,102545,1088.220000000,6475
RTSI,0,20180914,102546,1088.010000000,1341
RTSI,0,20180914,102547,1088.060000000,0
RTSI,0,20180914,102548,1088.160000000,3934
RTSI,0,20180914,102549,1088.250000000,14735
RTSI,0,20180914,102550,1088.240000000,5360
RTSI,0,20180914,102551,1088.260000000,5852
RTSI,0,20180914,102552,1088.250000000,1843
RTSI,0,20180914,102553,1088.220000000,485
RTSI,0,20180914,102554,1088.260000000,720
RTSI,0,20180914,102555,1088.270000000,5872
RTSI,0,20180914,102556,1088.260000000,31098
RTSI,0,20180914,102557,1088.180000000,11682
RTSI,0,20180914,102558,1088.300000000,40548
RTSI,0,20180914,102559,1088.280000000,5194
RTSI,0,20180914,102600,1088.240000000,2205
RTSI,0,20180914,102601,1088.230000000,17611
RTSI,0,20180914,102602,1088.250000000,8066
RTSI,0,20180914,102603,1088.290000000,11878
RTSI,0,20180914,102604,1088.170000000,21339
RTSI,0,20180914,102605,1088.190000000,16247
RTSI,0,20180914,102606,1088.170000000,6301
RTSI,0,20180914,102607,1088.210000000,1924
RTSI,0,20180914,102608,1088.220000000,2268
RTSI,0,20180914,102609,1088.200000000,2760
RTSI,0,20180914,102610,1088.170000000,2734
RTSI,0,20180914,102611,1088.280000000,58857
RTSI,0,20180914,102612,1088.300000000,6797
RTSI,0,20180914,102613,1088.340000000,11394
RTSI,0,20180914,102614,1088.360000000,19831
RTSI,0,20180914,102615,1088.360000000,15249
RTSI,0,20180914,102616,1088.400000000,31341
RTSI,0,20180914,102617,1088.450000000,140978
RTSI,0,20180914,102618,1088.460000000,102450
RTSI,0,20180914,102619,1088.540000000,7397
RTSI,0,20180914,102620,1088.580000000,3104
RTSI,0,20180914,102621,1088.550000000,5686
RTSI,0,20180914,102622,1088.430000000,11367
RTSI,0,20180914,102623,1088.610000000,16550
RTSI,0,20180914,102624,1088.720000000,45935
RTSI,0,20180914,102625,1088.750000000,7518
RTSI,0,20180914,102626,1088.760000000,7760
RTSI,0,20180914,102627,1088.760000000,2245
RTSI,0,20180914,102628,1088.710000000,25545
RTSI,0,20180914,102629,1088.900000000,11752
RTSI,0,20180914,102630,1088.910000000,9484
RTSI,0,20180914,102631,1088.870000000,11790
RTSI,0,20180914,102632,1088.890000000,7679
RTSI,0,20180914,102633,1088.980000000,5447
RTSI,0,20180914,102634,1088.990000000,2031
RTSI,0,20180914,102635,1088.980000000,1057
RTSI,0,20180914,102636,1089.000000000,3610
RTSI,0,20180914,102637,1089.000000000,14117
RTSI,0,20180914,102638,1089.070000000,12230
RTSI,0,20180914,102639,1089.070000000,3653
RTSI,0,20180914,102640,1089.080000000,2192
RTSI,0,20180914,102641,1089.030000000,6205
RTSI,0,20180914,102642,1089.020000000,2323
RTSI,0,20180914,102643,1089.100000000,7399
RTSI,0,20180914,102644,1089.100000000,201
RTSI,0,20180914,102645,1089.110000000,10060
RTSI,0,20180914,102646,1089.120000000,11391
RTSI,0,20180914,102647,1089.040000000,7613
RTSI,0,20180914,102648,1089.050000000,619
RTSI,0,20180914,102649,1089.080000000,19845
RTSI,0,20180914,102650,1089.050000000,3711
RTSI,0,20180914,102651,1089.040000000,11009
RTSI,0,20180914,102652,1089.130000000,19472
RTSI,0,20180914,102653,1089.120000000,5512
RTSI,0,20180914,102654,1089.150000000,6864
RTSI,0,20180914,102655,1089.140000000,2156
RTSI,0,20180914,102656,1089.040000000,9447
RTSI,0,20180914,102657,1089.010000000,4806
RTSI,0,20180914,102658,1089.020000000,520
RTSI,0,20180914,102659,1088.990000000,19783
RTSI,0,20180914,102700,1089.000000000,2797
RTSI,0,20180914,102701,1089.020000000,1200
RTSI,0,20180914,102702,1089.140000000,219334
RTSI,0,20180914,102703,1089.140000000,85105
RTSI,0,20180914,102704,1089.140000000,32140
RTSI,0,20180914,102705,1089.130000000,682
RTSI,0,20180914,102706,1089.160000000,2988
RTSI,0,20180914,102707,1089.200000000,6952
RTSI,0,20180914,102708,1089.140000000,7357
RTSI,0,20180914,102709,1089.170000000,22916
RTSI,0,20180914,102710,1089.230000000,9770
RTSI,0,20180914,102711,1089.220000000,3898
RTSI,0,20180914,102712,1089.230000000,23338
RTSI,0,20180914,102713,1089.190000000,2112
RTSI,0,20180914,102714,1089.270000000,6811
RTSI,0,20180914,102715,1089.320000000,65882
RTSI,0,20180914,102716,1089.310000000,5635
RTSI,0,20180914,102717,1089.340000000,5022
RTSI,0,20180914,102718,1089.480000000,101303
RTSI,0,20180914,102719,1089.570000000,54756
RTSI,0,20180914,102720,1089.370000000,52870
RTSI,0,20180914,102721,1089.380000000,56219
RTSI,0,20180914,102722,1089.430000000,42486
RTSI,0,20180914,102723,1089.520000000,1577
RTSI,0,20180914,102724,1089.560000000,2787
RTSI,0,20180914,102725,1089.560000000,710
RTSI,0,20180914,102726,1089.580000000,18902
RTSI,0,20180914,102727,1089.570000000,17065
RTSI,0,20180914,102728,1089.660000000,146368
RTSI,0,20180914,102729,1089.650000000,24218
RTSI,0,20180914,102730,1089.640000000,3353
RTSI,0,20180914,102731,1089.670000000,11722
RTSI,0,20180914,102732,1089.710000000,5471
RTSI,0,20180914,102733,1089.690000000,2087
RTSI,0,20180914,102734,1089.690000000,747
RTSI,0,20180914,102735,1089.710000000,2582
RTSI,0,20180914,102736,1089.720000000,3264
RTSI,0,20180914,102737,1089.760000000,6537
RTSI,0,20180914,102738,1089.800000000,94788
RTSI,0,20180914,102739,1089.850000000,71037
RTSI,0,20180914,102740,1089.950000000,158943
RTSI,0,20180914,102741,1089.790000000,36277
RTSI,0,20180914,102742,1089.880000000,69487
RTSI,0,20180914,102743,1089.970000000,171315
RTSI,0,20180914,102744,1089.980000000,123980
RTSI,0,20180914,102745,1089.940000000,1124
RTSI,0,20180914,102746,1089.960000000,3343
RTSI,0,20180914,102747,1090.020000000,28445
RTSI,0,20180914,102748,1090.020000000,4954
RTSI,0,20180914,102749,1090.010000000,2550
RTSI,0,20180914,102750,1089.960000000,245362
RTSI,0,20180914,102751,1089.960000000,82676
RTSI,0,20180914,102752,1090.030000000,21525
RTSI,0,20180914,102753,1090.320000000,595032
RTSI,0,20180914,102754,1090.340000000,119262
RTSI,0,20180914,102755,1090.250000000,17586
RTSI,0,20180914,102756,1090.270000000,19478
RTSI,0,20180914,102757,1090.350000000,71783
RTSI,0,20180914,102758,1090.290000000,18985
RTSI,0,20180914,102759,1090.270000000,23704
RTSI,0,20180914,102800,1090.190000000,3752
RTSI,0,20180914,102801,1090.240000000,3772
RTSI,0,20180914,102802,1090.260000000,4412
RTSI,0,20180914,102803,1090.300000000,53676
RTSI,0,20180914,102804,1090.370000000,248225
RTSI,0,20180914,102805,1090.310000000,612
RTSI,0,20180914,102806,1090.310000000,40729
RTSI,0,20180914,102807,1090.270000000,55094
RTSI,0,20180914,102808,1090.270000000,23349
RTSI,0,20180914,102809,1090.230000000,7222
RTSI,0,20180914,102810,1090.210000000,14054
RTSI,0,20180914,102811,1090.260000000,61071
RTSI,0,20180914,102812,1090.190000000,15874
RTSI,0,20180914,102813,1090.230000000,14517
RTSI,0,20180914,102814,1090.210000000,22925
RTSI,0,20180914,102815,1090.220000000,14077
RTSI,0,20180914,102816,1090.140000000,18678
RTSI,0,20180914,102817,1090.210000000,84724
RTSI,0,20180914,102818,1090.200000000,80292
RTSI,0,20180914,102819,1090.140000000,6164
RTSI,0,20180914,102820,1090.090000000,15447
RTSI,0,20180914,102821,1090.170000000,77104
RTSI,0,20180914,102822,1090.130000000,46159
RTSI,0,20180914,102823,1090.100000000,6388
RTSI,0,20180914,102824,1090.100000000,17414
RTSI,0,20180914,102825,1089.980000000,114302
RTSI,0,20180914,102826,1090.040000000,4061
RTSI,0,20180914,102827,1090.030000000,50570
RTSI,0,20180914,102828,1089.900000000,28124
RTSI,0,20180914,102829,1089.870000000,13700
RTSI,0,20180914,102830,1089.840000000,1433
RTSI,0,20180914,102831,1089.870000000,20309
RTSI,0,20180914,102832,1089.860000000,12386
RTSI,0,20180914,102833,1089.820000000,141557
RTSI,0,20180914,102834,1089.820000000,26794
RTSI,0,20180914,102835,1089.680000000,244432
RTSI,0,20180914,102836,1089.650000000,7107
RTSI,0,20180914,102837,1090.060000000,85677
RTSI,0,20180914,102838,1090.060000000,41556
RTSI,0,20180914,102839,1090.020000000,18898
RTSI,0,20180914,102840,1090.100000000,720
RTSI,0,20180914,102841,1090.090000000,9940
RTSI,0,20180914,102842,1090.140000000,5733
RTSI,0,20180914,102843,1090.240000000,112749
RTSI,0,20180914,102844,1090.160000000,98569
RTSI,0,20180914,102845,1090.240000000,12972
RTSI,0,20180914,102846,1090.240000000,12662
RTSI,0,20180914,102847,1090.260000000,674
RTSI,0,20180914,102848,1090.250000000,1602
RTSI,0,20180914,102849,1090.240000000,8569
RTSI,0,20180914,102850,1090.270000000,55625
RTSI,0,20180914,102851,1090.280000000,15688
RTSI,0,20180914,102852,1090.290000000,3001
RTSI,0,20180914,102853,1090.210000000,1041
RTSI,0,20180914,102854,1090.250000000,16341
RTSI,0,20180914,102855,1090.280000000,3705
RTSI,0,20180914,102856,1090.250000000,141905
RTSI,0,20180914,102857,1090.280000000,35607
RTSI,0,20180914,102858,1090.220000000,7350
RTSI,0,20180914,102859,1090.150000000,10543
RTSI,0,20180914,102900,1090.190000000,4440
RTSI,0,20180914,102901,1090.170000000,4020
RTSI,0,20180914,102902,1090.080000000,6098
RTSI,0,20180914,102903,1089.990000000,11690
RTSI,0,20180914,102904,1090.020000000,1759
RTSI,0,20180914,102905,1089.970000000,2175
RTSI,0,20180914,102906,1089.960000000,7879
RTSI,0,20180914,102907,1090.030000000,6891
RTSI,0,20180914,102908,1090.100000000,51289
RTSI,0,20180914,102909,1090.070000000,5339
RTSI,0,20180914,102910,1090.100000000,1593
RTSI,0,20180914,102911,1090.060000000,28413
RTSI,0,20180914,102912,1090.020000000,34000
RTSI,0,20180914,102913,1090.070000000,22692
RTSI,0,20180914,102914,1090.070000000,32497
RTSI,0,20180914,102915,1090.040000000,7810
RTSI,0,20180914,102916,1090.060000000,24499
RTSI,0,20180914,102917,1090.070000000,1973
RTSI,0,20180914,102918,1090.030000000,2083
RTSI,0,20180914,102919,1090.120000000,5474
RTSI,0,20180914,102920,1090.160000000,10803
RTSI,0,20180914,102921,1090.020000000,5125
RTSI,0,20180914,102922,1090.080000000,29773
RTSI,0,20180914,102923,1090.050000000,1263
RTSI,0,20180914,102924,1090.090000000,1070
RTSI,0,20180914,102925,1090.060000000,22342
RTSI,0,20180914,102926,1090.030000000,5908
RTSI,0,20180914,102927,1090.040000000,8480
RTSI,0,20180914,102928,1090.030000000,3140
RTSI,0,20180914,102929,1090.030000000,4882
RTSI,0,20180914,102930,1090.030000000,1237
RTSI,0,20180914,102931,1089.950000000,12373
RTSI,0,20180914,102932,1089.990000000,1334
RTSI,0,20180914,102933,1090.010000000,582
RTSI,0,20180914,102934,1090.060000000,1866
RTSI,0,20180914,102935,1090.010000000,7729
RTSI,0,20180914,102936,1089.970000000,3266
RTSI,0,20180914,102937,1089.950000000,5859
RTSI,0,20180914,102938,1089.960000000,9522
RTSI,0,20180914,102939,1089.970000000,26200
RTSI,0,20180914,102940,1090.060000000,30641
RTSI,0,20180914,102941,1090.030000000,1784
RTSI,0,20180914,102942,1090.070000000,6703
RTSI,0,20180914,102943,1090.040000000,528
RTSI,0,20180914,102944,1090.060000000,3271
RTSI,0,20180914,102945,1090.040000000,1654
RTSI,0,20180914,102946,1090.000000000,13628
RTSI,0,20180914,102947,1089.930000000,6927
RTSI,0,20180914,102948,1089.930000000,359
RTSI,0,20180914,102949,1089.990000000,3235
RTSI,0,20180914,102950,1089.860000000,17348
RTSI,0,20180914,102951,1089.820000000,5963
RTSI,0,20180914,102952,1089.840000000,15980
RTSI,0,20180914,102953,1089.830000000,2462
RTSI,0,20180914,102954,1089.850000000,1179
RTSI,0,20180914,102955,1089.820000000,4244
RTSI,0,20180914,102956,1089.860000000,4617
RTSI,0,20180914,102957,1089.850000000,0
RTSI,0,20180914,102958,1089.820000000,3679
RTSI,0,20180914,102959,1090.000000000,33067
RTSI,0,20180914,103000,1090.070000000,15434
RTSI,0,20180914,103001,1090.090000000,604
RTSI,0,20180914,103002,1089.930000000,30700
RTSI,0,20180914,103003,1089.870000000,35339
RTSI,0,20180914,103004,1089.950000000,42485
RTSI,0,20180914,103005,1089.920000000,116303
RTSI,0,20180914,103006,1089.940000000,52174
RTSI,0,20180914,103007,1089.980000000,14056
RTSI,0,20180914,103008,1089.990000000,102144
RTSI,0,20180914,103009,1089.970000000,35125
RTSI,0,20180914,103010,1089.960000000,3067
RTSI,0,20180914,103011,1089.930000000,38656
RTSI,0,20180914,103012,1089.890000000,24387
RTSI,0,20180914,103013,1089.900000000,1296
RTSI,0,20180914,103014,1089.850000000,100505
RTSI,0,20180914,103015,1089.840000000,9532
RTSI,0,20180914,103016,1089.850000000,24456
RTSI,0,20180914,103017,1089.820000000,76833
RTSI,0,20180914,103018,1089.890000000,43825
RTSI,0,20180914,103019,1089.930000000,69606
RTSI,0,20180914,103020,1089.960000000,19100
RTSI,0,20180914,103021,1089.960000000,3176
RTSI,0,20180914,103022,1089.930000000,2097
RTSI,0,20180914,103023,1089.940000000,26895
RTSI,0,20180914,103024,1089.840000000,2988
RTSI,0,20180914,103025,1089.820000000,16091
RTSI,0,20180914,103026,1089.860000000,5148
RTSI,0,20180914,103027,1089.840000000,2816
RTSI,0,20180914,103028,1089.840000000,14076
RTSI,0,20180914,103029,1089.850000000,29410
RTSI,0,20180914,103030,1089.840000000,441
RTSI,0,20180914,103031,1089.850000000,8233
RTSI,0,20180914,103032,1089.800000000,18471
RTSI,0,20180914,103033,1089.820000000,12696
RTSI,0,20180914,103034,1089.820000000,15659
RTSI,0,20180914,103035,1089.780000000,33594
RTSI,0,20180914,103036,1089.750000000,98975
RTSI,0,20180914,103037,1089.790000000,30315
RTSI,0,20180914,103038,1089.820000000,52036
RTSI,0,20180914,103039,1089.760000000,38133
RTSI,0,20180914,103040,1089.670000000,149351
RTSI,0,20180914,103041,1089.640000000,495
RTSI,0,20180914,103042,1089.640000000,9289
RTSI,0,20180914,103043,1089.640000000,4182
RTSI,0,20180914,103044,1089.670000000,9019
RTSI,0,20180914,103045,1089.680000000,10357
RTSI,0,20180914,103046,1089.680000000,277
RTSI,0,20180914,103047,1089.660000000,682
RTSI,0,20180914,103048,1089.610000000,29084
RTSI,0,20180914,103049,1089.510000000,6402
RTSI,0,20180914,103050,1089.600000000,14525
RTSI,0,20180914,103051,1089.620000000,11534
RTSI,0,20180914,103052,1089.480000000,18609
RTSI,0,20180914,103053,1089.460000000,2241
RTSI,0,20180914,103054,1089.530000000,1221
RTSI,0,20180914,103055,1089.520000000,11063
RTSI,0,20180914,103056,1089.570000000,8818
RTSI,0,20180914,103057,1089.500000000,12251
RTSI,0,20180914,103058,1089.490000000,2917
RTSI,0,20180914,103059,1089.560000000,50541
RTSI,0,20180914,103100,1089.480000000,1755
RTSI,0,20180914,103101,1089.530000000,5807
RTSI,0,20180914,103102,1089.570000000,16112
RTSI,0,20180914,103103,1089.540000000,22873
RTSI,0,20180914,103104,1089.530000000,4363
RTSI,0,20180914,103105,1089.540000000,332
RTSI,0,20180914,103106,1089.650000000,58093
RTSI,0,20180914,103107,1089.610000000,7018
RTSI,0,20180914,103108,1089.610000000,5464
RTSI,0,20180914,103109,1089.550000000,9829
RTSI,0,20180914,103110,1089.560000000,14171
RTSI,0,20180914,103111,1089.550000000,16990
RTSI,0,20180914,103112,1089.560000000,6580
RTSI,0,20180914,103113,1089.500000000,9252
RTSI,0,20180914,103114,1089.500000000,695
RTSI,0,20180914,103115,1089.520000000,6263
RTSI,0,20180914,103116,1089.470000000,7890
RTSI,0,20180914,103117,1089.460000000,287
RTSI,0,20180914,103118,1089.450000000,11912
RTSI,0,20180914,103119,1089.430000000,0
RTSI,0,20180914,103120,1089.580000000,6589
RTSI,0,20180914,103121,1089.590000000,11606
RTSI,0,20180914,103122,1089.510000000,4756
RTSI,0,20180914,103123,1089.500000000,0
RTSI,0,20180914,103124,1089.470000000,9472
RTSI,0,20180914,103125,1089.610000000,35208
RTSI,0,20180914,103126,1089.580000000,4390
RTSI,0,20180914,103127,1089.550000000,9860
RTSI,0,20180914,103128,1089.540000000,0
RTSI,0,20180914,103129,1089.530000000,1439
RTSI,0,20180914,103130,1089.460000000,5588
RTSI,0,20180914,103131,1089.490000000,6809
RTSI,0,20180914,103132,1089.420000000,19505
RTSI,0,20180914,103133,1089.440000000,54107
RTSI,0,20180914,103134,1089.370000000,173553
RTSI,0,20180914,103135,1089.290000000,52450
RTSI,0,20180914,103136,1089.260000000,39461
RTSI,0,20180914,103137,1089.170000000,11914
RTSI,0,20180914,103138,1089.120000000,4948
RTSI,0,20180914,103139,1089.120000000,2356
RTSI,0,20180914,103140,1089.160000000,3508
RTSI,0,20180914,103141,1089.160000000,737
RTSI,0,20180914,103142,1089.150000000,16036
RTSI,0,20180914,103143,1089.190000000,15858
RTSI,0,20180914,103144,1089.210000000,13709
RTSI,0,20180914,103145,1089.170000000,9849
RTSI,0,20180914,103146,1089.160000000,13316
RTSI,0,20180914,103147,1089.210000000,4741
RTSI,0,20180914,103148,1089.190000000,5397
RTSI,0,20180914,103149,1089.130000000,2827
RTSI,0,20180914,103150,1089.130000000,2156
RTSI,0,20180914,103151,1089.130000000,22504
RTSI,0,20180914,103152,1089.110000000,83811
RTSI,0,20180914,103153,1089.130000000,5725
RTSI,0,20180914,103154,1089.110000000,160498
RTSI,0,20180914,103155,1089.140000000,5593
RTSI,0,20180914,103156,1089.170000000,4049
RTSI,0,20180914,103157,1089.480000000,273959
RTSI,0,20180914,103158,1089.620000000,17430
RTSI,0,20180914,103159,1089.650000000,106301
RTSI,0,20180914,103200,1089.630000000,17369
RTSI,0,20180914,103201,1089.570000000,2878
RTSI,0,20180914,103202,1089.540000000,4166
RTSI,0,20180914,103203,1089.550000000,128978
RTSI,0,20180914,103204,1089.710000000,354663
RTSI,0,20180914,103205,1089.760000000,125043
RTSI,0,20180914,103206,1089.760000000,22723
RTSI,0,20180914,103207,1089.760000000,1672
RTSI,0,20180914,103208,1089.790000000,14008
RTSI,0,20180914,103209,1089.820000000,6943
RTSI,0,20180914,103210,1089.830000000,31383
RTSI,0,20180914,103211,1089.850000000,3378
RTSI,0,20180914,103212,1089.760000000,35126
RTSI,0,20180914,103213,1089.740000000,4548
RTSI,0,20180914,103214,1089.770000000,36229
RTSI,0,20180914,103215,1089.780000000,11366
RTSI,0,20180914,103216,1089.780000000,51349
RTSI,0,20180914,103217,1089.740000000,8115
RTSI,0,20180914,103218,1089.690000000,1301
RTSI,0,20180914,103219,1089.690000000,2670
RTSI,0,20180914,103220,1089.820000000,61179
RTSI,0,20180914,103221,1089.820000000,2298
RTSI,0,20180914,103222,1089.800000000,51069
RTSI,0,20180914,103223,1089.850000000,1166
RTSI,0,20180914,103224,1089.830000000,2303
RTSI,0,20180914,103225,1089.780000000,239031
RTSI,0,20180914,103226,1089.750000000,503848
RTSI,0,20180914,103227,1089.770000000,85126
RTSI,0,20180914,103228,1089.770000000,10809
RTSI,0,20180914,103229,1089.810000000,5286
RTSI,0,20180914,103230,1089.810000000,24727
RTSI,0,20180914,103231,1089.820000000,4249
RTSI,0,20180914,103232,1089.880000000,11022
RTSI,0,20180914,103233,1089.890000000,5770
RTSI,0,20180914,103234,1089.880000000,15044
RTSI,0,20180914,103235,1089.880000000,828
RTSI,0,20180914,103236,1089.910000000,17420
RTSI,0,20180914,103237,1089.940000000,5838
RTSI,0,20180914,103238,1090.000000000,42400
RTSI,0,20180914,103239,1089.910000000,50900
RTSI,0,20180914,103240,1089.920000000,565
RTSI,0,20180914,103241,1089.900000000,3653
RTSI,0,20180914,103242,1089.900000000,1225
RTSI,0,20180914,103243,1089.870000000,3334
RTSI,0,20180914,103244,1089.910000000,38275
RTSI,0,20180914,103245,1090.010000000,76959
RTSI,0,20180914,103246,1089.970000000,6983
RTSI,0,20180914,103247,1089.980000000,11742
RTSI,0,20180914,103248,1090.030000000,14745
RTSI,0,20180914,103249,1090.060000000,66107
RTSI,0,20180914,103250,1090.190000000,18629
RTSI,0,20180914,103251,1090.200000000,6121
RTSI,0,20180914,103252,1090.230000000,4968
RTSI,0,20180914,103253,1090.330000000,151776
RTSI,0,20180914,103254,1090.170000000,170760
RTSI,0,20180914,103255,1090.260000000,41994
RTSI,0,20180914,103256,1090.230000000,7257
RTSI,0,20180914,103257,1090.250000000,6110
RTSI,0,20180914,103258,1090.210000000,27231
RTSI,0,20180914,103259,1090.200000000,9359
RTSI,0,20180914,103300,1090.200000000,500
RTSI,0,20180914,103301,1090.210000000,7026
RTSI,0,20180914,103302,1090.140000000,14062
RTSI,0,20180914,103303,1090.150000000,7829
RTSI,0,20180914,103304,1090.160000000,1282
RTSI,0,20180914,103305,1090.170000000,1973
RTSI,0,20180914,103306,1090.170000000,4413
RTSI,0,20180914,103307,1090.160000000,10944
RTSI,0,20180914,103308,1090.060000000,446709
RTSI,0,20180914,103309,1090.010000000,46065
RTSI,0,20180914,103310,1090.000000000,45782
RTSI,0,20180914,103311,1090.050000000,2986
RTSI,0,20180914,103312,1090.020000000,3295
RTSI,0,20180914,103313,1090.020000000,9457
RTSI,0,20180914,103314,1090.070000000,5485
RTSI,0,20180914,103315,1090.060000000,2012
RTSI,0,20180914,103316,1090.000000000,18082
RTSI,0,20180914,103317,1090.000000000,2922
RTSI,0,20180914,103318,1089.970000000,12781
RTSI,0,20180914,103319,1089.940000000,17092
RTSI,0,20180914,103320,1089.940000000,7230
RTSI,0,20180914,103321,1089.940000000,3322
RTSI,0,20180914,103322,1090.030000000,4061
RTSI,0,20180914,103323,1090.050000000,3244
RTSI,0,20180914,103324,1089.990000000,10832
RTSI,0,20180914,103325,1089.990000000,1983
RTSI,0,20180914,103326,1089.990000000,31145
RTSI,0,20180914,103327,1089.830000000,119536
RTSI,0,20180914,103328,1089.800000000,14241
RTSI,0,20180914,103329,1089.850000000,10751
RTSI,0,20180914,103330,1089.850000000,4487
RTSI,0,20180914,103331,1089.910000000,25420
RTSI,0,20180914,103332,1089.950000000,5218
RTSI,0,20180914,103333,1089.930000000,2874
RTSI,0,20180914,103334,1089.930000000,481
RTSI,0,20180914,103335,1089.920000000,7297
RTSI,0,20180914,103336,1089.960000000,1402
RTSI,0,20180914,103337,1089.900000000,2353
RTSI,0,20180914,103338,1089.950000000,45006
RTSI,0,20180914,103339,1089.960000000,10885
RTSI,0,20180914,103340,1089.970000000,670
RTSI,0,20180914,103341,1089.940000000,17393
RTSI,0,20180914,103342,1089.950000000,1465
RTSI,0,20180914,103343,1090.030000000,12208
RTSI,0,20180914,103344,1090.040000000,1190
RTSI,0,20180914,103345,1090.040000000,4858
RTSI,0,20180914,103346,1090.020000000,4541
RTSI,0,20180914,103347,1090.000000000,7852
RTSI,0,20180914,103348,1090.080000000,5025
RTSI,0,20180914,103349,1090.130000000,2898
RTSI,0,20180914,103350,1090.190000000,15172
RTSI,0,20180914,103351,1090.140000000,1959
RTSI,0,20180914,103352,1090.120000000,18717
RTSI,0,20180914,103353,1090.080000000,14991
RTSI,0,20180914,103354,1090.050000000,13127
RTSI,0,20180914,103355,1090.000000000,37402
RTSI,0,20180914,103356,1090.010000000,9880
RTSI,0,20180914,103357,1090.040000000,5392
RTSI,0,20180914,103358,1090.080000000,970
RTSI,0,20180914,103359,1090.060000000,2982
RTSI,0,20180914,103400,1090.060000000,3122
RTSI,0,20180914,103401,1090.030000000,31214
RTSI,0,20180914,103402,1090.020000000,23185
RTSI,0,20180914,103403,1090.060000000,30147
RTSI,0,20180914,103404,1090.090000000,2311
RTSI,0,20180914,103405,1090.090000000,307
RTSI,0,20180914,103406,1090.140000000,5442
RTSI,0,20180914,103407,1090.180000000,4329
RTSI,0,20180914,103408,1090.180000000,3476
RTSI,0,20180914,103409,1090.300000000,67063
RTSI,0,20180914,103410,1090.290000000,9508
RTSI,0,20180914,103411,1090.170000000,1473
RTSI,0,20180914,103412,1090.180000000,20805
RTSI,0,20180914,103413,1090.180000000,1047
RTSI,0,20180914,103414,1090.190000000,5445
RTSI,0,20180914,103415,1090.180000000,90735
RTSI,0,20180914,103416,1090.080000000,33692
RTSI,0,20180914,103417,1090.160000000,13677
RTSI,0,20180914,103418,1090.170000000,1284
RTSI,0,20180914,103419,1090.290000000,29679
RTSI,0,20180914,103420,1090.280000000,2137
RTSI,0,20180914,103421,1090.310000000,21120
RTSI,0,20180914,103422,1090.310000000,15
RTSI,0,20180914,103423,1090.120000000,11733
RTSI,0,20180914,103424,1090.130000000,854
RTSI,0,20180914,103425,1090.160000000,19360
RTSI,0,20180914,103426,1090.160000000,4082
RTSI,0,20180914,103427,1090.220000000,7968
RTSI,0,20180914,103428,1090.140000000,1652
RTSI,0,20180914,103429,1090.120000000,6999
RTSI,0,20180914,103430,1090.140000000,1099
RTSI,0,20180914,103431,1090.130000000,4745
RTSI,0,20180914,103432,1090.200000000,72358
RTSI,0,20180914,103433,1090.240000000,19363
RTSI,0,20180914,103434,1090.300000000,14254
RTSI,0,20180914,103435,1090.290000000,18643
RTSI,0,20180914,103436,1090.320000000,1791
RTSI,0,20180914,103437,1090.310000000,4034
RTSI,0,20180914,103438,1090.390000000,28524
RTSI,0,20180914,103439,1090.280000000,22704
RTSI,0,20180914,103440,1090.300000000,3328
RTSI,0,20180914,103441,1090.390000000,32682
RTSI,0,20180914,103442,1090.390000000,151
RTSI,0,20180914,103443,1090.330000000,9189
RTSI,0,20180914,103444,1090.330000000,245
RTSI,0,20180914,103445,1090.360000000,13025
RTSI,0,20180914,103446,1090.370000000,9079
RTSI,0,20180914,103447,1090.470000000,28777
RTSI,0,20180914,103448,1090.450000000,4535
RTSI,0,20180914,103449,1090.500000000,3438
RTSI,0,20180914,103450,1090.490000000,540
RTSI,0,20180914,103451,1090.450000000,34611
RTSI,0,20180914,103452,1090.440000000,9465
RTSI,0,20180914,103453,1090.460000000,24742
RTSI,0,20180914,103454,1090.520000000,59624
RTSI,0,20180914,103455,1090.600000000,28058
RTSI,0,20180914,103456,1090.610000000,27882
RTSI,0,20180914,103457,1090.670000000,13530
RTSI,0,20180914,103458,1090.700000000,218943
RTSI,0,20180914,103459,1090.730000000,11737
RTSI,0,20180914,103500,1090.750000000,14766
RTSI,0,20180914,103501,1090.760000000,42437
RTSI,0,20180914,103502,1090.630000000,29283
RTSI,0,20180914,103503,1090.740000000,5808
RTSI,0,20180914,103504,1090.810000000,62032
RTSI,0,20180914,103505,1090.770000000,1797
RTSI,0,20180914,103506,1090.860000000,30778
RTSI,0,20180914,103507,1090.770000000,24488
RTSI,0,20180914,103508,1090.790000000,5913
RTSI,0,20180914,103509,1090.760000000,22676
RTSI,0,20180914,103510,1090.720000000,7181
RTSI,0,20180914,103511,1090.720000000,13136
RTSI,0,20180914,103512,1090.710000000,4514
RTSI,0,20180914,103513,1090.620000000,4526
RTSI,0,20180914,103514,1090.650000000,9908
RTSI,0,20180914,103515,1090.740000000,79697
RTSI,0,20180914,103516,1090.740000000,10168
RTSI,0,20180914,103517,1090.680000000,6530
RTSI,0,20180914,103518,1090.800000000,5105
RTSI,0,20180914,103519,1090.740000000,3366
RTSI,0,20180914,103520,1090.760000000,3076
RTSI,0,20180914,103521,1090.770000000,7518
RTSI,0,20180914,103522,1090.770000000,12826
RTSI,0,20180914,103523,1090.750000000,54738
RTSI,0,20180914,103524,1090.750000000,3455
RTSI,0,20180914,103525,1090.760000000,414
RTSI,0,20180914,103526,1090.760000000,1797
RTSI,0,20180914,103527,1090.810000000,393
RTSI,0,20180914,103528,1090.830000000,2943
RTSI,0,20180914,103529,1090.810000000,28036
RTSI,0,20180914,103530,1090.850000000,112026
RTSI,0,20180914,103531,1090.860000000,13008
RTSI,0,20180914,103532,1090.920000000,10663
RTSI,0,20180914,103533,1090.940000000,6621
RTSI,0,20180914,103534,1090.930000000,15680
RTSI,0,20180914,103535,1090.910000000,16556
RTSI,0,20180914,103536,1090.860000000,7544
RTSI,0,20180914,103537,1090.920000000,20404
RTSI,0,20180914,103538,1090.990000000,19855
RTSI,0,20180914,103539,1091.010000000,2656
RTSI,0,20180914,103540,1091.020000000,37216
RTSI,0,20180914,103541,1091.000000000,22600
RTSI,0,20180914,103542,1091.020000000,18233
RTSI,0,20180914,103543,1091.040000000,5851
RTSI,0,20180914,103544,1091.060000000,9140
RTSI,0,20180914,103545,1091.030000000,50891
RTSI,0,20180914,103546,1091.210000000,265555
RTSI,0,20180914,103547,1091.190000000,211842
RTSI,0,20180914,103548,1091.330000000,61475
RTSI,0,20180914,103549,1091.270000000,2494
RTSI,0,20180914,103550,1091.280000000,10995
RTSI,0,20180914,103551,1091.280000000,841
RTSI,0,20180914,103552,1091.330000000,41966
RTSI,0,20180914,103553,1091.350000000,25110
RTSI,0,20180914,103554,1091.350000000,17831
RTSI,0,20180914,103555,1091.360000000,5326
RTSI,0,20180914,103556,1091.340000000,12986
RTSI,0,20180914,103557,1091.360000000,19401
RTSI,0,20180914,103558,1091.320000000,1101
RTSI,0,20180914,103559,1091.290000000,6508
RTSI,0,20180914,103600,1091.290000000,62511
RTSI,0,20180914,103601,1091.290000000,594
RTSI,0,20180914,103602,1091.350000000,15708
RTSI,0,20180914,103603,1091.360000000,1023
RTSI,0,20180914,103604,1091.310000000,48229
RTSI,0,20180914,103605,1091.360000000,8345
RTSI,0,20180914,103606,1091.340000000,1705
RTSI,0,20180914,103607,1091.290000000,8908
RTSI,0,20180914,103608,1091.270000000,11437
RTSI,0,20180914,103609,1091.250000000,28234
RTSI,0,20180914,103610,1091.280000000,19776
RTSI,0,20180914,103611,1091.250000000,23347
RTSI,0,20180914,103612,1091.250000000,17009
RTSI,0,20180914,103613,1091.220000000,54897
RTSI,0,20180914,103614,1091.230000000,19767
RTSI,0,20180914,103615,1091.160000000,5163
RTSI,0,20180914,103616,1091.200000000,33537
RTSI,0,20180914,103617,1091.100000000,17119
RTSI,0,20180914,103618,1091.060000000,9567
RTSI,0,20180914,103619,1091.050000000,6760
RTSI,0,20180914,103620,1091.050000000,5790
RTSI,0,20180914,103621,1091.050000000,3261
RTSI,0,20180914,103622,1091.100000000,74502
RTSI,0,20180914,103623,1091.110000000,5831
RTSI,0,20180914,103624,1091.090000000,28060
RTSI,0,20180914,103625,1091.090000000,4432
RTSI,0,20180914,103626,1091.110000000,1262
RTSI,0,20180914,103627,1091.070000000,2003
RTSI,0,20180914,103628,1091.060000000,169
RTSI,0,20180914,103629,1091.090000000,48900
RTSI,0,20180914,103630,1091.090000000,19494
RTSI,0,20180914,103631,1091.110000000,40161
RTSI,0,20180914,103632,1091.090000000,5259
RTSI,0,20180914,103633,1091.050000000,876
RTSI,0,20180914,103634,1091.020000000,3304
RTSI,0,20180914,103635,1090.960000000,1596
RTSI,0,20180914,103636,1090.950000000,12268
RTSI,0,20180914,103637,1090.970000000,14534
RTSI,0,20180914,103638,1090.990000000,39783
RTSI,0,20180914,103639,1090.980000000,31103
RTSI,0,20180914,103640,1090.950000000,57168
RTSI,0,20180914,103641,1090.990000000,41903
RTSI,0,20180914,103642,1091.080000000,6270
RTSI,0,20180914,103643,1090.970000000,5923
RTSI,0,20180914,103644,1090.970000000,861
RTSI,0,20180914,103645,1090.900000000,88580
RTSI,0,20180914,103646,1090.920000000,5174
RTSI,0,20180914,103647,1090.890000000,20603
RTSI,0,20180914,103648,1090.910000000,8556
RTSI,0,20180914,103649,1090.830000000,2764
RTSI,0,20180914,103650,1090.810000000,15589
RTSI,0,20180914,103651,1090.780000000,337
RTSI,0,20180914,103652,1090.840000000,82456
RTSI,0,20180914,103653,1090.770000000,9507
RTSI,0,20180914,103654,1090.750000000,1179
RTSI,0,20180914,103655,1090.750000000,26405
RTSI,0,20180914,103656,1090.800000000,8522
RTSI,0,20180914,103657,1090.790000000,0
RTSI,0,20180914,103658,1090.790000000,40298
RTSI,0,20180914,103659,1090.780000000,3403
RTSI,0,20180914,103700,1090.860000000,17308
RTSI,0,20180914,103701,1090.890000000,2604
RTSI,0,20180914,103702,1090.870000000,1098
RTSI,0,20180914,103703,1090.850000000,9588
RTSI,0,20180914,103704,1090.840000000,0
RTSI,0,20180914,103705,1090.790000000,58
RTSI,0,20180914,103706,1090.780000000,0
RTSI,0,20180914,103707,1090.790000000,2588
RTSI,0,20180914,103708,1090.790000000,0
RTSI,0,20180914,103709,1090.770000000,4764
RTSI,0,20180914,103710,1090.760000000,0
RTSI,0,20180914,103711,1090.620000000,16319
RTSI,0,20180914,103712,1090.600000000,19566
RTSI,0,20180914,103713,1090.600000000,5773
RTSI,0,20180914,103714,1090.600000000,14342
RTSI,0,20180914,103715,1090.570000000,4601
RTSI,0,20180914,103716,1090.560000000,648
RTSI,0,20180914,103717,1090.560000000,3705
RTSI,0,20180914,103718,1090.550000000,933
RTSI,0,20180914,103719,1090.550000000,0
RTSI,0,20180914,103720,1090.480000000,4781
