<TICKER>,<PER>,<DATE>,<TIME>,<LAST>,<VOL>
RTSI,0,20170616,100001,990.040000000,6823
RTSI,0,20170616,100002,991.160000000,250836
RTSI,0,20170616,100003,991.930000000,275310
RTSI,0,20170616,100004,991.590000000,89928
RTSI,0,20170616,100005,991.390000000,97952
RTSI,0,20170616,100006,991.140000000,75224
RTSI,0,20170616,100007,991.430000000,66734
RTSI,0,20170616,100008,991.840000000,20465
RTSI,0,20170616,100009,991.460000000,53408
RTSI,0,20170616,100010,991.580000000,34717
RTSI,0,20170616,100011,992.100000000,119575
RTSI,0,20170616,100012,991.770000000,35759
RTSI,0,20170616,100013,991.760000000,19803
RTSI,0,20170616,100014,992.050000000,20160
RTSI,0,20170616,100015,991.500000000,32750
RTSI,0,20170616,100016,991.520000000,28397
RTSI,0,20170616,100017,991.640000000,27371
RTSI,0,20170616,100018,991.640000000,26924
RTSI,0,20170616,100019,991.650000000,22171
RTSI,0,20170616,100020,991.790000000,13943
RTSI,0,20170616,100021,991.800000000,21989
RTSI,0,20170616,100022,991.860000000,31249
RTSI,0,20170616,100023,991.750000000,24716
RTSI,0,20170616,100024,991.740000000,76787
RTSI,0,20170616,100025,991.900000000,77096
RTSI,0,20170616,100026,991.950000000,72983
RTSI,0,20170616,100027,991.970000000,37976
RTSI,0,20170616,100028,991.830000000,28671
RTSI,0,20170616,100029,991.790000000,58827
RTSI,0,20170616,100030,991.820000000,22520
RTSI,0,20170616,100031,991.630000000,28791
RTSI,0,20170616,100032,991.610000000,67466
RTSI,0,20170616,100033,991.620000000,22526
RTSI,0,20170616,100034,991.620000000,23944
RTSI,0,20170616,100035,991.720000000,63020
RTSI,0,20170616,100036,991.510000000,20156
RTSI,0,20170616,100037,991.500000000,23898
RTSI,0,20170616,100038,991.580000000,65900
RTSI,0,20170616,100039,991.510000000,51180
RTSI,0,20170616,100040,991.840000000,237945
RTSI,0,20170616,100041,991.840000000,134666
RTSI,0,20170616,100042,991.890000000,39777
RTSI,0,20170616,100043,991.780000000,71228
RTSI,0,20170616,100044,991.510000000,59323
RTSI,0,20170616,100045,991.890000000,136873
RTSI,0,20170616,100046,991.800000000,114513
RTSI,0,20170616,100047,991.860000000,61903
RTSI,0,20170616,100048,992.120000000,83209
RTSI,0,20170616,100049,992.120000000,92637
RTSI,0,20170616,100050,992.200000000,52506
RTSI,0,20170616,100051,992.220000000,27373
RTSI,0,20170616,100052,992.250000000,35855
RTSI,0,20170616,100053,992.300000000,120961
RTSI,0,20170616,100054,992.160000000,65960
RTSI,0,20170616,100055,992.270000000,206206
RTSI,0,20170616,100056,992.140000000,106471
RTSI,0,20170616,100057,992.010000000,39044
RTSI,0,20170616,100058,992.140000000,18569
RTSI,0,20170616,100059,992.170000000,35713
RTSI,0,20170616,100100,992.320000000,57853
RTSI,0,20170616,100101,991.970000000,282499
RTSI,0,20170616,100102,992.030000000,185392
RTSI,0,20170616,100103,992.150000000,66753
RTSI,0,20170616,100104,992.210000000,105839
RTSI,0,20170616,100105,992.250000000,79804
RTSI,0,20170616,100107,992.210000000,323082
RTSI,0,20170616,100108,992.300000000,18603
RTSI,0,20170616,100109,992.310000000,37209
RTSI,0,20170616,100110,992.380000000,182793
RTSI,0,20170616,100111,992.530000000,81125
RTSI,0,20170616,100112,992.610000000,99307
RTSI,0,20170616,100113,992.650000000,96513
RTSI,0,20170616,100114,992.700000000,112499
RTSI,0,20170616,100115,993.010000000,63948
RTSI,0,20170616,100116,993.030000000,124067
RTSI,0,20170616,100117,993.280000000,236781
RTSI,0,20170616,100118,993.380000000,80375
RTSI,0,20170616,100119,993.370000000,108655
RTSI,0,20170616,100120,993.290000000,86211
RTSI,0,20170616,100121,993.250000000,5829
RTSI,0,20170616,100122,993.360000000,44643
RTSI,0,20170616,100123,993.420000000,72498
RTSI,0,20170616,100124,993.500000000,39969
RTSI,0,20170616,100125,993.550000000,208012
RTSI,0,20170616,100126,993.500000000,137429
RTSI,0,20170616,100127,993.680000000,95932
RTSI,0,20170616,100128,993.800000000,247979
RTSI,0,20170616,100129,993.850000000,168718
RTSI,0,20170616,100130,993.870000000,38965
RTSI,0,20170616,100131,993.880000000,25975
RTSI,0,20170616,100132,993.920000000,30065
RTSI,0,20170616,100133,993.940000000,58002
RTSI,0,20170616,100134,994.150000000,53442
RTSI,0,20170616,100135,994.140000000,86076
RTSI,0,20170616,100136,994.230000000,58460
RTSI,0,20170616,100137,994.090000000,40889
RTSI,0,20170616,100138,994.100000000,140191
RTSI,0,20170616,100139,994.030000000,10737
RTSI,0,20170616,100140,994.100000000,114458
RTSI,0,20170616,100141,994.120000000,52116
RTSI,0,20170616,100142,994.090000000,75068
RTSI,0,20170616,100143,994.110000000,57038
RTSI,0,20170616,100144,994.160000000,19927
RTSI,0,20170616,100145,994.170000000,122630
RTSI,0,20170616,100146,994.290000000,87271
RTSI,0,20170616,100147,994.310000000,16526
RTSI,0,20170616,100148,994.400000000,100242
RTSI,0,20170616,100149,994.560000000,105846
RTSI,0,20170616,100150,994.480000000,102256
RTSI,0,20170616,100151,994.520000000,11291
RTSI,0,20170616,100152,994.720000000,145465
RTSI,0,20170616,100153,994.820000000,225145
RTSI,0,20170616,100154,994.660000000,68360
RTSI,0,20170616,100155,994.730000000,17816
RTSI,0,20170616,100156,994.870000000,24691
RTSI,0,20170616,100157,995.130000000,49681
RTSI,0,20170616,100158,995.050000000,105437
RTSI,0,20170616,100159,995.130000000,115340
RTSI,0,20170616,100200,995.260000000,41496
RTSI,0,20170616,100201,995.370000000,44419
RTSI,0,20170616,100202,995.390000000,84363
RTSI,0,20170616,100203,995.440000000,51730
RTSI,0,20170616,100204,995.340000000,92196
RTSI,0,20170616,100205,995.340000000,34182
RTSI,0,20170616,100206,995.220000000,391203
RTSI,0,20170616,100207,995.110000000,75390
RTSI,0,20170616,100208,995.150000000,75433
RTSI,0,20170616,100209,995.080000000,37007
RTSI,0,20170616,100210,995.040000000,18280
RTSI,0,20170616,100211,994.920000000,30631
RTSI,0,20170616,100212,994.790000000,101114
RTSI,0,20170616,100213,994.790000000,4740
RTSI,0,20170616,100214,994.800000000,54564
RTSI,0,20170616,100215,994.900000000,40815
RTSI,0,20170616,100216,994.920000000,44632
RTSI,0,20170616,100217,994.960000000,75090
RTSI,0,20170616,100218,994.960000000,36169
RTSI,0,20170616,100219,994.940000000,52244
RTSI,0,20170616,100220,994.960000000,101412
RTSI,0,20170616,100221,995.080000000,59616
RTSI,0,20170616,100222,995.190000000,74816
RTSI,0,20170616,100223,995.130000000,23101
RTSI,0,20170616,100224,995.190000000,76563
RTSI,0,20170616,100225,995.200000000,18945
RTSI,0,20170616,100226,995.140000000,6747
RTSI,0,20170616,100227,995.140000000,89824
RTSI,0,20170616,100228,995.110000000,37440
RTSI,0,20170616,100229,995.020000000,120424
RTSI,0,20170616,100230,995.040000000,12441
RTSI,0,20170616,100231,995.110000000,32271
RTSI,0,20170616,100232,995.180000000,3064
RTSI,0,20170616,100233,995.150000000,19271
RTSI,0,20170616,100234,995.060000000,144445
RTSI,0,20170616,100235,995.000000000,39205
RTSI,0,20170616,100236,995.020000000,5033
RTSI,0,20170616,100237,995.100000000,39680
RTSI,0,20170616,100238,994.800000000,88113
RTSI,0,20170616,100239,994.880000000,73509
RTSI,0,20170616,100240,994.850000000,75152
RTSI,0,20170616,100241,994.880000000,42076
RTSI,0,20170616,100242,994.850000000,230366
RTSI,0,20170616,100243,994.930000000,49162
RTSI,0,20170616,100244,994.970000000,7504
RTSI,0,20170616,100245,994.790000000,85209
RTSI,0,20170616,100246,994.690000000,169071
RTSI,0,20170616,100247,994.640000000,107547
RTSI,0,20170616,100248,994.620000000,13354
RTSI,0,20170616,100249,994.650000000,25357
RTSI,0,20170616,100250,994.640000000,28401
RTSI,0,20170616,100251,994.700000000,5806
RTSI,0,20170616,100252,994.710000000,16443
RTSI,0,20170616,100253,994.670000000,33998
RTSI,0,20170616,100254,994.610000000,32687
RTSI,0,20170616,100255,994.630000000,116554
RTSI,0,20170616,100256,994.640000000,28622
RTSI,0,20170616,100257,994.650000000,75925
RTSI,0,20170616,100258,994.630000000,77484
RTSI,0,20170616,100259,994.640000000,31259
RTSI,0,20170616,100300,994.660000000,85229
RTSI,0,20170616,100301,994.810000000,133961
RTSI,0,20170616,100302,994.750000000,115274
RTSI,0,20170616,100303,994.940000000,91847
RTSI,0,20170616,100304,994.850000000,33447
RTSI,0,20170616,100305,994.830000000,19962
RTSI,0,20170616,100306,994.800000000,99800
RTSI,0,20170616,100307,994.540000000,146503
RTSI,0,20170616,100308,994.610000000,9492
RTSI,0,20170616,100309,994.740000000,33502
RTSI,0,20170616,100310,994.700000000,35663
RTSI,0,20170616,100311,994.500000000,90537
RTSI,0,20170616,100312,994.440000000,21633
RTSI,0,20170616,100313,994.430000000,18508
RTSI,0,20170616,100314,994.600000000,24937
RTSI,0,20170616,100315,994.540000000,12036
RTSI,0,20170616,100316,994.610000000,69650
RTSI,0,20170616,100317,994.830000000,120848
RTSI,0,20170616,100318,994.800000000,27444
RTSI,0,20170616,100319,994.820000000,31680
RTSI,0,20170616,100320,994.980000000,18635
RTSI,0,20170616,100321,995.060000000,58436
RTSI,0,20170616,100322,995.020000000,50456
RTSI,0,20170616,100323,995.020000000,9245
RTSI,0,20170616,100324,995.000000000,5957
RTSI,0,20170616,100325,994.990000000,7286
RTSI,0,20170616,100326,994.890000000,15915
RTSI,0,20170616,100327,994.870000000,25432
RTSI,0,20170616,100328,994.880000000,8884
RTSI,0,20170616,100329,994.980000000,42154
RTSI,0,20170616,100330,994.950000000,21194
RTSI,0,20170616,100331,994.920000000,15911
RTSI,0,20170616,100332,995.010000000,47562
RTSI,0,20170616,100333,994.700000000,142634
RTSI,0,20170616,100334,994.750000000,20355
RTSI,0,20170616,100335,994.870000000,4938
RTSI,0,20170616,100336,994.710000000,19085
RTSI,0,20170616,100337,994.720000000,800
RTSI,0,20170616,100338,994.670000000,57819
RTSI,0,20170616,100339,994.700000000,23681
RTSI,0,20170616,100340,994.760000000,26290
RTSI,0,20170616,100341,994.790000000,223263
RTSI,0,20170616,100342,994.870000000,167
RTSI,0,20170616,100343,994.890000000,7830
RTSI,0,20170616,100344,994.920000000,18403
RTSI,0,20170616,100345,994.890000000,39160
RTSI,0,20170616,100346,994.810000000,32107
RTSI,0,20170616,100347,994.820000000,10402
RTSI,0,20170616,100348,994.860000000,19812
RTSI,0,20170616,100349,994.900000000,5575
RTSI,0,20170616,100350,994.960000000,18736
RTSI,0,20170616,100351,995.010000000,112665
RTSI,0,20170616,100352,994.990000000,14463
RTSI,0,20170616,100353,994.890000000,54775
RTSI,0,20170616,100354,994.870000000,1460
RTSI,0,20170616,100355,994.770000000,198152
RTSI,0,20170616,100356,994.860000000,8109
RTSI,0,20170616,100357,994.840000000,18756
RTSI,0,20170616,100358,994.840000000,1859
RTSI,0,20170616,100359,994.810000000,23657
RTSI,0,20170616,100400,994.770000000,45014
RTSI,0,20170616,100401,994.780000000,15812
RTSI,0,20170616,100402,994.800000000,40086
RTSI,0,20170616,100403,994.780000000,14700
RTSI,0,20170616,100404,994.800000000,19233
RTSI,0,20170616,100405,994.920000000,23838
RTSI,0,20170616,100406,994.930000000,6927
RTSI,0,20170616,100407,994.920000000,3527
RTSI,0,20170616,100408,994.920000000,21218
RTSI,0,20170616,100409,994.910000000,38704
RTSI,0,20170616,100410,994.830000000,16379
RTSI,0,20170616,100411,994.820000000,6152
RTSI,0,20170616,100412,994.940000000,161946
RTSI,0,20170616,100413,994.950000000,20163
RTSI,0,20170616,100414,995.040000000,33055
RTSI,0,20170616,100415,995.120000000,73148
RTSI,0,20170616,100416,995.090000000,21153
RTSI,0,20170616,100417,995.170000000,24690
RTSI,0,20170616,100418,995.170000000,86141
RTSI,0,20170616,100419,995.200000000,12242
RTSI,0,20170616,100420,995.280000000,41510
RTSI,0,20170616,100421,995.230000000,18906
RTSI,0,20170616,100422,995.210000000,1176
RTSI,0,20170616,100423,995.340000000,46535
RTSI,0,20170616,100424,995.340000000,52868
RTSI,0,20170616,100425,995.350000000,67500
RTSI,0,20170616,100426,995.350000000,1592
RTSI,0,20170616,100427,995.360000000,10190
RTSI,0,20170616,100428,995.280000000,60208
RTSI,0,20170616,100429,995.340000000,12943
RTSI,0,20170616,100430,995.380000000,6733
RTSI,0,20170616,100431,995.400000000,4924
RTSI,0,20170616,100432,995.500000000,43911
RTSI,0,20170616,100433,995.440000000,4285
RTSI,0,20170616,100434,995.460000000,8598
RTSI,0,20170616,100435,995.460000000,18964
RTSI,0,20170616,100436,995.440000000,1287
RTSI,0,20170616,100437,995.450000000,6092
RTSI,0,20170616,100438,995.490000000,10952
RTSI,0,20170616,100439,995.480000000,11793
RTSI,0,20170616,100440,995.480000000,535
RTSI,0,20170616,100441,995.480000000,10269
RTSI,0,20170616,100442,995.520000000,16492
RTSI,0,20170616,100443,995.500000000,101765
RTSI,0,20170616,100444,995.620000000,25065
RTSI,0,20170616,100445,995.510000000,9155
RTSI,0,20170616,100446,995.530000000,3477
RTSI,0,20170616,100447,995.540000000,51321
RTSI,0,20170616,100448,995.450000000,10420
RTSI,0,20170616,100449,995.660000000,27479
RTSI,0,20170616,100450,995.690000000,66877
RTSI,0,20170616,100451,995.710000000,16963
RTSI,0,20170616,100452,995.590000000,31096
RTSI,0,20170616,100453,995.660000000,26184
RTSI,0,20170616,100454,995.680000000,67468
RTSI,0,20170616,100455,995.600000000,32931
RTSI,0,20170616,100457,995.740000000,135829
RTSI,0,20170616,100458,995.730000000,4230
RTSI,0,20170616,100459,995.720000000,150439
RTSI,0,20170616,100500,995.820000000,186950
RTSI,0,20170616,100501,995.730000000,42096
RTSI,0,20170616,100502,995.710000000,69948
RTSI,0,20170616,100503,995.690000000,7032
RTSI,0,20170616,100504,995.650000000,15349
RTSI,0,20170616,100505,995.710000000,19291
RTSI,0,20170616,100506,995.740000000,85080
RTSI,0,20170616,100507,995.610000000,14141
RTSI,0,20170616,100508,995.660000000,6683
RTSI,0,20170616,100509,995.650000000,146
RTSI,0,20170616,100510,995.720000000,7431
RTSI,0,20170616,100511,995.750000000,5497
RTSI,0,20170616,100512,995.800000000,84582
RTSI,0,20170616,100513,995.730000000,21063
RTSI,0,20170616,100514,995.800000000,102387
RTSI,0,20170616,100515,995.640000000,19199
RTSI,0,20170616,100516,995.590000000,23482
RTSI,0,20170616,100517,995.750000000,32000
RTSI,0,20170616,100518,995.720000000,21048
RTSI,0,20170616,100519,995.660000000,108826
RTSI,0,20170616,100520,995.540000000,25844
RTSI,0,20170616,100521,995.580000000,25068
RTSI,0,20170616,100522,995.610000000,11339
RTSI,0,20170616,100523,995.680000000,24235
RTSI,0,20170616,100524,995.690000000,12059
RTSI,0,20170616,100525,995.700000000,4231
RTSI,0,20170616,100526,995.840000000,124485
RTSI,0,20170616,100527,995.920000000,3709
RTSI,0,20170616,100528,995.700000000,46898
RTSI,0,20170616,100529,995.680000000,54544
RTSI,0,20170616,100530,995.620000000,30039
RTSI,0,20170616,100531,995.560000000,34978
RTSI,0,20170616,100532,995.620000000,95272
RTSI,0,20170616,100533,995.640000000,133672
RTSI,0,20170616,100534,995.500000000,28646
RTSI,0,20170616,100535,995.530000000,20247
RTSI,0,20170616,100536,995.440000000,51971
RTSI,0,20170616,100537,995.420000000,4810
RTSI,0,20170616,100538,995.410000000,7298
RTSI,0,20170616,100539,995.280000000,113394
RTSI,0,20170616,100540,995.240000000,13852
RTSI,0,20170616,100541,995.360000000,7923
RTSI,0,20170616,100542,995.360000000,3925
RTSI,0,20170616,100543,995.310000000,30720
RTSI,0,20170616,100544,995.350000000,55526
RTSI,0,20170616,100545,995.380000000,11026
RTSI,0,20170616,100546,995.390000000,30206
RTSI,0,20170616,100547,995.450000000,19613
RTSI,0,20170616,100548,995.460000000,101164
RTSI,0,20170616,100549,995.470000000,11323
RTSI,0,20170616,100550,995.350000000,6840
RTSI,0,20170616,100551,995.340000000,9337
RTSI,0,20170616,100552,995.330000000,13516
RTSI,0,20170616,100553,995.230000000,165554
RTSI,0,20170616,100554,995.160000000,68016
RTSI,0,20170616,100555,995.260000000,7928
RTSI,0,20170616,100556,995.250000000,20292
RTSI,0,20170616,100557,995.240000000,31865
RTSI,0,20170616,100558,995.350000000,113348
RTSI,0,20170616,100559,995.420000000,195683
RTSI,0,20170616,100600,995.390000000,24652
RTSI,0,20170616,100601,995.390000000,51079
RTSI,0,20170616,100602,995.410000000,20690
RTSI,0,20170616,100603,995.380000000,10944
RTSI,0,20170616,100604,995.450000000,51625
RTSI,0,20170616,100605,995.450000000,22227
RTSI,0,20170616,100606,995.520000000,60196
RTSI,0,20170616,100607,995.470000000,65584
RTSI,0,20170616,100608,995.400000000,13851
RTSI,0,20170616,100609,995.480000000,4699
RTSI,0,20170616,100610,995.600000000,58682
RTSI,0,20170616,100611,995.580000000,22603
RTSI,0,20170616,100612,995.490000000,53353
RTSI,0,20170616,100613,995.590000000,69528
RTSI,0,20170616,100614,995.600000000,13244
RTSI,0,20170616,100615,995.560000000,68082
RTSI,0,20170616,100616,995.580000000,29308
RTSI,0,20170616,100617,995.430000000,7865
RTSI,0,20170616,100618,995.390000000,158414
RTSI,0,20170616,100619,995.470000000,28213
RTSI,0,20170616,100620,995.440000000,15480
RTSI,0,20170616,100621,995.420000000,2461
RTSI,0,20170616,100622,995.440000000,40723
RTSI,0,20170616,100623,995.430000000,2916
RTSI,0,20170616,100624,995.450000000,17680
RTSI,0,20170616,100625,995.320000000,71388
RTSI,0,20170616,100626,995.310000000,17383
RTSI,0,20170616,100627,995.330000000,41419
RTSI,0,20170616,100628,995.120000000,67268
RTSI,0,20170616,100629,995.190000000,13217
RTSI,0,20170616,100630,995.220000000,16735
RTSI,0,20170616,100631,995.300000000,7055
RTSI,0,20170616,100632,995.250000000,13996
RTSI,0,20170616,100633,995.290000000,29690
RTSI,0,20170616,100634,995.330000000,19760
RTSI,0,20170616,100635,995.410000000,104868
RTSI,0,20170616,100636,995.360000000,92564
RTSI,0,20170616,100637,995.430000000,6477
RTSI,0,20170616,100638,995.320000000,267289
RTSI,0,20170616,100639,995.330000000,25266
RTSI,0,20170616,100640,995.300000000,4765
RTSI,0,20170616,100641,995.280000000,24874
RTSI,0,20170616,100642,995.310000000,9770
RTSI,0,20170616,100643,995.420000000,781
RTSI,0,20170616,100644,995.520000000,23364
RTSI,0,20170616,100645,995.540000000,36057
RTSI,0,20170616,100646,995.410000000,16010
RTSI,0,20170616,100647,995.500000000,7977
RTSI,0,20170616,100648,995.630000000,12665
RTSI,0,20170616,100649,995.630000000,8091
RTSI,0,20170616,100650,995.580000000,84675
RTSI,0,20170616,100651,995.600000000,4451
RTSI,0,20170616,100652,995.510000000,28630
RTSI,0,20170616,100653,995.580000000,29618
RTSI,0,20170616,100654,995.630000000,34994
RTSI,0,20170616,100655,995.610000000,36601
RTSI,0,20170616,100656,995.570000000,16771
RTSI,0,20170616,100657,995.620000000,17300
RTSI,0,20170616,100658,995.570000000,9077
RTSI,0,20170616,100659,995.550000000,29961
RTSI,0,20170616,100700,995.560000000,34500
RTSI,0,20170616,100701,995.600000000,2985
RTSI,0,20170616,100702,995.560000000,114813
RTSI,0,20170616,100703,995.400000000,242495
RTSI,0,20170616,100704,995.360000000,103399
RTSI,0,20170616,100705,995.340000000,86442
RTSI,0,20170616,100706,995.200000000,31551
RTSI,0,20170616,100708,995.250000000,43064
RTSI,0,20170616,100709,995.300000000,13700
RTSI,0,20170616,100710,995.350000000,80031
RTSI,0,20170616,100711,995.360000000,21288
RTSI,0,20170616,100712,995.270000000,6713
RTSI,0,20170616,100713,995.270000000,7272
RTSI,0,20170616,100714,995.380000000,49867
RTSI,0,20170616,100715,995.460000000,42717
RTSI,0,20170616,100716,995.290000000,32024
RTSI,0,20170616,100717,995.310000000,10063
RTSI,0,20170616,100718,995.300000000,19005
RTSI,0,20170616,100719,995.310000000,8671
RTSI,0,20170616,100720,995.370000000,44273
RTSI,0,20170616,100721,995.390000000,3325
RTSI,0,20170616,100722,995.430000000,21859
RTSI,0,20170616,100723,995.460000000,21328
RTSI,0,20170616,100724,995.520000000,4633
RTSI,0,20170616,100725,995.450000000,4190
RTSI,0,20170616,100726,995.440000000,1559
RTSI,0,20170616,100727,995.420000000,7677
RTSI,0,20170616,100728,995.430000000,19612
RTSI,0,20170616,100729,995.500000000,158098
RTSI,0,20170616,100730,995.580000000,38029
RTSI,0,20170616,100731,995.550000000,23457
RTSI,0,20170616,100732,995.490000000,90562
RTSI,0,20170616,100733,995.490000000,62304
RTSI,0,20170616,100734,995.320000000,108834
RTSI,0,20170616,100735,995.210000000,64205
RTSI,0,20170616,100736,995.190000000,75007
RTSI,0,20170616,100737,995.180000000,13930
RTSI,0,20170616,100738,995.330000000,27866
RTSI,0,20170616,100739,995.350000000,23430
RTSI,0,20170616,100740,995.290000000,6337
RTSI,0,20170616,100741,995.350000000,6490
RTSI,0,20170616,100742,995.320000000,1285
RTSI,0,20170616,100743,995.240000000,47170
RTSI,0,20170616,100744,995.300000000,21396
RTSI,0,20170616,100745,995.280000000,9018
RTSI,0,20170616,100746,995.260000000,7307
RTSI,0,20170616,100747,995.070000000,58324
RTSI,0,20170616,100748,995.100000000,20368
RTSI,0,20170616,100749,995.110000000,33286
RTSI,0,20170616,100750,995.010000000,35104
RTSI,0,20170616,100751,994.850000000,89125
RTSI,0,20170616,100752,994.870000000,4530
RTSI,0,20170616,100753,994.910000000,7050
RTSI,0,20170616,100754,994.920000000,19578
RTSI,0,20170616,100755,994.890000000,11701
RTSI,0,20170616,100756,994.900000000,13303
RTSI,0,20170616,100757,994.760000000,185013
RTSI,0,20170616,100758,994.770000000,3469
RTSI,0,20170616,100759,994.700000000,16012
RTSI,0,20170616,100800,994.710000000,46416
RTSI,0,20170616,100801,994.690000000,12744
RTSI,0,20170616,100802,994.710000000,13986
RTSI,0,20170616,100803,994.720000000,9488
RTSI,0,20170616,100804,994.740000000,16356
RTSI,0,20170616,100805,994.740000000,16349
RTSI,0,20170616,100806,994.770000000,23329
RTSI,0,20170616,100807,994.740000000,30391
RTSI,0,20170616,100808,994.790000000,1598
RTSI,0,20170616,100809,994.780000000,7198
RTSI,0,20170616,100810,994.820000000,5725
RTSI,0,20170616,100811,994.880000000,22195
RTSI,0,20170616,100812,995.230000000,227553
RTSI,0,20170616,100813,995.120000000,60056
RTSI,0,20170616,100814,995.120000000,3298
RTSI,0,20170616,100815,995.210000000,138325
RTSI,0,20170616,100816,995.150000000,3718
RTSI,0,20170616,100817,995.090000000,3041
RTSI,0,20170616,100818,995.060000000,282
RTSI,0,20170616,100819,995.040000000,14451
RTSI,0,20170616,100820,994.890000000,78196
RTSI,0,20170616,100821,994.850000000,27300
RTSI,0,20170616,100822,994.680000000,70670
RTSI,0,20170616,100823,994.560000000,120681
RTSI,0,20170616,100824,994.550000000,4400
RTSI,0,20170616,100825,994.560000000,5411
RTSI,0,20170616,100826,994.550000000,7750
RTSI,0,20170616,100827,994.530000000,4035
RTSI,0,20170616,100828,994.460000000,142187
RTSI,0,20170616,100829,994.550000000,11704
RTSI,0,20170616,100830,994.660000000,11260
RTSI,0,20170616,100831,994.670000000,2704
RTSI,0,20170616,100832,994.640000000,1709
RTSI,0,20170616,100833,994.500000000,6667
RTSI,0,20170616,100834,994.510000000,2990
RTSI,0,20170616,100835,994.390000000,102206
RTSI,0,20170616,100836,994.370000000,2784
RTSI,0,20170616,100837,994.480000000,18876
RTSI,0,20170616,100838,994.480000000,15368
RTSI,0,20170616,100839,994.510000000,1058
RTSI,0,20170616,100840,994.700000000,111439
RTSI,0,20170616,100841,994.760000000,1826
RTSI,0,20170616,100842,994.830000000,21804
RTSI,0,20170616,100843,994.740000000,17600
RTSI,0,20170616,100844,994.790000000,103464
RTSI,0,20170616,100845,994.790000000,11788
RTSI,0,20170616,100846,994.810000000,5054
RTSI,0,20170616,100847,994.810000000,5946
RTSI,0,20170616,100848,994.810000000,91798
RTSI,0,20170616,100849,994.790000000,5911
RTSI,0,20170616,100850,994.800000000,2632
RTSI,0,20170616,100851,994.770000000,4118
RTSI,0,20170616,100852,994.840000000,1116
RTSI,0,20170616,100853,994.960000000,60201
RTSI,0,20170616,100854,995.040000000,85904
RTSI,0,20170616,100855,995.050000000,68418
RTSI,0,20170616,100856,995.010000000,23827
RTSI,0,20170616,100857,995.090000000,1966
RTSI,0,20170616,100858,995.130000000,10236
RTSI,0,20170616,100859,995.090000000,23755
RTSI,0,20170616,100900,995.050000000,3446
RTSI,0,20170616,100901,995.000000000,32845
RTSI,0,20170616,100902,995.030000000,41228
RTSI,0,20170616,100903,995.080000000,89796
RTSI,0,20170616,100904,995.140000000,120456
RTSI,0,20170616,100905,995.100000000,14140
RTSI,0,20170616,100906,995.130000000,11796
RTSI,0,20170616,100907,995.180000000,28313
RTSI,0,20170616,100908,995.190000000,10619
RTSI,0,20170616,100909,995.200000000,1978
RTSI,0,20170616,100910,995.050000000,60934
RTSI,0,20170616,100911,995.160000000,47568
RTSI,0,20170616,100912,995.500000000,190290
RTSI,0,20170616,100913,995.610000000,168541
RTSI,0,20170616,100914,995.760000000,208592
RTSI,0,20170616,100915,995.810000000,34186
RTSI,0,20170616,100916,995.860000000,205940
RTSI,0,20170616,100917,995.750000000,26248
RTSI,0,20170616,100918,995.830000000,15356
RTSI,0,20170616,100919,995.820000000,18579
RTSI,0,20170616,100920,995.760000000,24104
RTSI,0,20170616,100921,995.710000000,93385
RTSI,0,20170616,100922,995.670000000,10453
RTSI,0,20170616,100923,995.390000000,32727
RTSI,0,20170616,100924,995.520000000,2269
RTSI,0,20170616,100925,995.460000000,25905
RTSI,0,20170616,100926,995.470000000,4333
RTSI,0,20170616,100927,995.430000000,11114
RTSI,0,20170616,100928,995.480000000,3647
RTSI,0,20170616,100929,995.290000000,43049
RTSI,0,20170616,100930,995.270000000,12168
RTSI,0,20170616,100931,995.420000000,8405
RTSI,0,20170616,100932,995.330000000,5067
RTSI,0,20170616,100933,995.350000000,55351
RTSI,0,20170616,100934,995.340000000,1371
RTSI,0,20170616,100935,995.300000000,3971
RTSI,0,20170616,100936,995.360000000,1971
RTSI,0,20170616,100937,995.350000000,7019
RTSI,0,20170616,100938,995.320000000,12464
RTSI,0,20170616,100939,995.340000000,3113
RTSI,0,20170616,100940,995.360000000,4182
RTSI,0,20170616,100941,995.380000000,8768
RTSI,0,20170616,100942,995.290000000,15323
RTSI,0,20170616,100943,995.230000000,14190
RTSI,0,20170616,100944,995.270000000,30046
RTSI,0,20170616,100945,995.230000000,12063
RTSI,0,20170616,100947,995.300000000,29655
RTSI,0,20170616,100948,995.210000000,164305
RTSI,0,20170616,100949,995.230000000,634
RTSI,0,20170616,100950,995.350000000,15320
RTSI,0,20170616,100951,995.340000000,3803
RTSI,0,20170616,100952,995.370000000,10858
RTSI,0,20170616,100953,995.380000000,67939
RTSI,0,20170616,100954,995.370000000,108401
RTSI,0,20170616,100955,995.370000000,5533
RTSI,0,20170616,100956,995.370000000,1361
RTSI,0,20170616,100957,995.420000000,7572
RTSI,0,20170616,100958,995.470000000,61375
RTSI,0,20170616,100959,995.660000000,16935
RTSI,0,20170616,101000,995.660000000,8478
RTSI,0,20170616,101001,995.790000000,34013
RTSI,0,20170616,101002,995.810000000,44061
RTSI,0,20170616,101003,995.910000000,29920
RTSI,0,20170616,101004,995.910000000,8044
RTSI,0,20170616,101005,995.900000000,6382
RTSI,0,20170616,101006,995.840000000,25364
RTSI,0,20170616,101007,995.820000000,48309
RTSI,0,20170616,101008,995.830000000,59939
RTSI,0,20170616,101009,995.820000000,7236
RTSI,0,20170616,101010,995.250000000,307031
RTSI,0,20170616,101011,995.350000000,13343
RTSI,0,20170616,101012,995.290000000,23674
RTSI,0,20170616,101013,995.270000000,30254
RTSI,0,20170616,101014,995.300000000,67881
RTSI,0,20170616,101015,995.060000000,27850
RTSI,0,20170616,101016,995.160000000,78179
RTSI,0,20170616,101017,995.160000000,4446
RTSI,0,20170616,101018,995.160000000,6528
RTSI,0,20170616,101019,995.110000000,117208
RTSI,0,20170616,101020,995.100000000,9797
RTSI,0,20170616,101021,994.990000000,36069
RTSI,0,20170616,101022,995.010000000,45619
RTSI,0,20170616,101023,994.950000000,12693
RTSI,0,20170616,101024,994.970000000,757
RTSI,0,20170616,101025,994.970000000,497
RTSI,0,20170616,101026,994.970000000,1213
RTSI,0,20170616,101027,994.950000000,27513
RTSI,0,20170616,101028,994.950000000,8636
RTSI,0,20170616,101029,994.980000000,5674
RTSI,0,20170616,101030,995.040000000,5732
RTSI,0,20170616,101031,995.040000000,3894
RTSI,0,20170616,101032,995.030000000,10755
RTSI,0,20170616,101033,994.960000000,27062
RTSI,0,20170616,101034,994.980000000,10645
RTSI,0,20170616,101035,994.990000000,7307
RTSI,0,20170616,101036,995.110000000,40147
RTSI,0,20170616,101037,995.090000000,1374
RTSI,0,20170616,101038,995.140000000,3974
RTSI,0,20170616,101039,995.090000000,10661
RTSI,0,20170616,101040,995.080000000,30359
RTSI,0,20170616,101041,994.940000000,11080
RTSI,0,20170616,101042,994.900000000,6468
RTSI,0,20170616,101043,994.910000000,79907
RTSI,0,20170616,101044,994.930000000,81427
RTSI,0,20170616,101045,994.880000000,5216
RTSI,0,20170616,101046,994.870000000,568
RTSI,0,20170616,101047,994.820000000,15530
RTSI,0,20170616,101048,994.790000000,8667
RTSI,0,20170616,101049,994.620000000,482721
RTSI,0,20170616,101050,994.560000000,95950
RTSI,0,20170616,101051,994.550000000,11150
RTSI,0,20170616,101052,994.520000000,9064
RTSI,0,20170616,101053,994.570000000,34355
RTSI,0,20170616,101054,994.560000000,3840
RTSI,0,20170616,101055,994.550000000,7050
RTSI,0,20170616,101056,994.560000000,4693
RTSI,0,20170616,101057,994.530000000,48985
RTSI,0,20170616,101058,994.510000000,11086
RTSI,0,20170616,101059,994.490000000,39155
RTSI,0,20170616,101100,994.440000000,4107
RTSI,0,20170616,101101,994.470000000,7664
RTSI,0,20170616,101102,994.480000000,308412
RTSI,0,20170616,101103,994.600000000,73051
RTSI,0,20170616,101104,994.690000000,49749
RTSI,0,20170616,101105,994.750000000,1071
RTSI,0,20170616,101106,994.820000000,2047
RTSI,0,20170616,101107,994.820000000,130514
RTSI,0,20170616,101108,994.830000000,17207
RTSI,0,20170616,101109,994.830000000,6394
RTSI,0,20170616,101110,994.840000000,874
RTSI,0,20170616,101111,994.840000000,3208
RTSI,0,20170616,101112,994.830000000,6534
RTSI,0,20170616,101113,994.840000000,2601
RTSI,0,20170616,101114,994.860000000,24015
RTSI,0,20170616,101115,994.870000000,24357
RTSI,0,20170616,101116,994.890000000,9790
RTSI,0,20170616,101117,994.870000000,12772
RTSI,0,20170616,101118,994.850000000,731
RTSI,0,20170616,101119,994.830000000,1885
RTSI,0,20170616,101120,994.900000000,25910
RTSI,0,20170616,101121,994.910000000,54273
RTSI,0,20170616,101122,994.910000000,3296
RTSI,0,20170616,101123,994.750000000,13885
RTSI,0,20170616,101124,994.760000000,529
RTSI,0,20170616,101125,994.710000000,13321
RTSI,0,20170616,101126,994.690000000,19096
RTSI,0,20170616,101127,994.780000000,10370
RTSI,0,20170616,101128,994.780000000,156
RTSI,0,20170616,101129,994.880000000,17397
RTSI,0,20170616,101130,994.810000000,51838
RTSI,0,20170616,101131,994.780000000,22359
RTSI,0,20170616,101132,994.800000000,45884
RTSI,0,20170616,101133,994.770000000,808
RTSI,0,20170616,101134,994.770000000,243
RTSI,0,20170616,101135,994.720000000,18241
RTSI,0,20170616,101136,994.740000000,107406
RTSI,0,20170616,101137,994.790000000,1267
RTSI,0,20170616,101138,994.760000000,753
RTSI,0,20170616,101139,994.920000000,25542
RTSI,0,20170616,101140,995.070000000,39372
RTSI,0,20170616,101141,995.210000000,51399
RTSI,0,20170616,101142,995.160000000,22758
RTSI,0,20170616,101143,995.210000000,48008
RTSI,0,20170616,101144,995.400000000,48094
RTSI,0,20170616,101145,995.300000000,34972
RTSI,0,20170616,101146,995.500000000,38403
RTSI,0,20170616,101147,995.460000000,65672
RTSI,0,20170616,101148,995.510000000,68916
RTSI,0,20170616,101149,995.450000000,22935
RTSI,0,20170616,101150,995.380000000,6182
RTSI,0,20170616,101151,995.490000000,848
RTSI,0,20170616,101152,995.450000000,4737
RTSI,0,20170616,101153,995.450000000,409
RTSI,0,20170616,101154,995.440000000,4519
RTSI,0,20170616,101155,995.480000000,13155
RTSI,0,20170616,101156,995.460000000,2031
RTSI,0,20170616,101157,995.540000000,14176
RTSI,0,20170616,101158,995.380000000,202547
RTSI,0,20170616,101159,995.270000000,20015
RTSI,0,20170616,101200,995.320000000,62077
RTSI,0,20170616,101201,995.220000000,24691
RTSI,0,20170616,101202,995.130000000,25109
RTSI,0,20170616,101203,995.220000000,6892
RTSI,0,20170616,101204,994.980000000,65446
RTSI,0,20170616,101205,994.810000000,321978
RTSI,0,20170616,101206,994.770000000,12807
RTSI,0,20170616,101207,994.730000000,4498
RTSI,0,20170616,101208,994.550000000,28645
RTSI,0,20170616,101209,994.730000000,84789
RTSI,0,20170616,101210,994.800000000,8381
RTSI,0,20170616,101211,994.580000000,17603
RTSI,0,20170616,101212,994.590000000,6764
RTSI,0,20170616,101213,994.350000000,38096
RTSI,0,20170616,101214,994.310000000,22196
RTSI,0,20170616,101215,994.190000000,24405
RTSI,0,20170616,101216,994.490000000,44051
RTSI,0,20170616,101217,994.490000000,16097
RTSI,0,20170616,101218,994.540000000,42829
RTSI,0,20170616,101219,994.570000000,11255
RTSI,0,20170616,101220,994.580000000,8709
RTSI,0,20170616,101221,994.580000000,5439
RTSI,0,20170616,101222,994.690000000,85311
RTSI,0,20170616,101223,994.770000000,18893
RTSI,0,20170616,101224,994.760000000,8363
RTSI,0,20170616,101225,994.750000000,54499
RTSI,0,20170616,101226,994.750000000,10996
RTSI,0,20170616,101227,994.750000000,9783
RTSI,0,20170616,101228,994.680000000,3424
RTSI,0,20170616,101229,994.860000000,22042
RTSI,0,20170616,101230,994.860000000,14970
RTSI,0,20170616,101231,994.830000000,11956
RTSI,0,20170616,101232,994.790000000,20874
RTSI,0,20170616,101233,994.810000000,7323
RTSI,0,20170616,101234,994.780000000,5840
RTSI,0,20170616,101235,994.780000000,820
RTSI,0,20170616,101236,994.760000000,21273
RTSI,0,20170616,101237,994.680000000,34925
RTSI,0,20170616,101238,994.670000000,12177
RTSI,0,20170616,101239,994.690000000,10843
RTSI,0,20170616,101240,994.860000000,98688
RTSI,0,20170616,101241,994.940000000,12663
RTSI,0,20170616,101242,994.940000000,14667
RTSI,0,20170616,101243,994.930000000,3733
RTSI,0,20170616,101244,994.940000000,29881
RTSI,0,20170616,101245,994.830000000,1566
RTSI,0,20170616,101246,994.690000000,46538
RTSI,0,20170616,101247,994.690000000,12076
RTSI,0,20170616,101248,994.680000000,2109
RTSI,0,20170616,101249,994.660000000,3680
RTSI,0,20170616,101250,994.700000000,4498
RTSI,0,20170616,101251,994.630000000,19598
RTSI,0,20170616,101252,994.670000000,48481
RTSI,0,20170616,101253,994.650000000,6091
RTSI,0,20170616,101254,994.650000000,7133
RTSI,0,20170616,101255,994.670000000,12004
RTSI,0,20170616,101256,994.670000000,2131
RTSI,0,20170616,101257,994.680000000,1052
RTSI,0,20170616,101258,994.750000000,9920
RTSI,0,20170616,101259,994.730000000,14662
RTSI,0,20170616,101300,994.720000000,5365
RTSI,0,20170616,101301,994.700000000,422
RTSI,0,20170616,101302,994.860000000,38433
RTSI,0,20170616,101303,995.030000000,18323
RTSI,0,20170616,101304,995.060000000,36415
RTSI,0,20170616,101305,995.020000000,1942
RTSI,0,20170616,101306,995.020000000,6206
RTSI,0,20170616,101307,995.010000000,2863
RTSI,0,20170616,101308,994.790000000,12655
RTSI,0,20170616,101309,994.790000000,5414
RTSI,0,20170616,101310,995.160000000,227615
RTSI,0,20170616,101311,995.060000000,4969
RTSI,0,20170616,101312,995.030000000,18805
RTSI,0,20170616,101313,995.110000000,19769
RTSI,0,20170616,101314,995.090000000,4748
RTSI,0,20170616,101315,995.050000000,8030
RTSI,0,20170616,101316,995.050000000,11413
RTSI,0,20170616,101317,995.020000000,3459
RTSI,0,20170616,101318,995.070000000,19572
RTSI,0,20170616,101319,995.060000000,28497
RTSI,0,20170616,101320,995.260000000,171196
RTSI,0,20170616,101321,995.220000000,10017
RTSI,0,20170616,101322,995.220000000,4938
RTSI,0,20170616,101323,995.130000000,4984
RTSI,0,20170616,101324,995.140000000,7423
RTSI,0,20170616,101325,995.220000000,67614
RTSI,0,20170616,101326,994.990000000,29984
RTSI,0,20170616,101327,994.990000000,9979
RTSI,0,20170616,101328,994.970000000,20828
RTSI,0,20170616,101329,994.970000000,495
RTSI,0,20170616,101330,994.980000000,2568
RTSI,0,20170616,101331,994.950000000,1287
RTSI,0,20170616,101332,995.270000000,150418
RTSI,0,20170616,101333,995.310000000,37010
RTSI,0,20170616,101334,995.490000000,145124
RTSI,0,20170616,101335,995.490000000,1787
RTSI,0,20170616,101336,995.410000000,3067
RTSI,0,20170616,101337,995.410000000,2927
RTSI,0,20170616,101338,995.300000000,2208
RTSI,0,20170616,101339,995.270000000,2896
RTSI,0,20170616,101340,995.480000000,17465
RTSI,0,20170616,101341,995.450000000,17098
RTSI,0,20170616,101342,995.450000000,51958
RTSI,0,20170616,101343,995.510000000,42181
RTSI,0,20170616,101344,995.480000000,24654
RTSI,0,20170616,101345,995.450000000,1165
RTSI,0,20170616,101346,995.360000000,21046
RTSI,0,20170616,101347,995.340000000,6348
RTSI,0,20170616,101348,995.420000000,6400
RTSI,0,20170616,101349,995.360000000,24210
RTSI,0,20170616,101350,995.340000000,23351
RTSI,0,20170616,101351,995.330000000,21076
RTSI,0,20170616,101352,995.310000000,21732
RTSI,0,20170616,101353,995.350000000,4417
RTSI,0,20170616,101354,995.320000000,6192
RTSI,0,20170616,101355,995.280000000,3756
RTSI,0,20170616,101356,995.380000000,120461
RTSI,0,20170616,101357,995.370000000,4933
RTSI,0,20170616,101358,995.270000000,10475
RTSI,0,20170616,101359,995.150000000,5939
RTSI,0,20170616,101400,995.140000000,532
RTSI,0,20170616,101401,995.140000000,3059
RTSI,0,20170616,101402,995.030000000,13897
RTSI,0,20170616,101403,995.050000000,140
RTSI,0,20170616,101404,995.050000000,1795
RTSI,0,20170616,101405,995.080000000,23906
RTSI,0,20170616,101406,995.130000000,5268
RTSI,0,20170616,101407,995.210000000,10001
RTSI,0,20170616,101408,995.320000000,35262
RTSI,0,20170616,101409,995.350000000,63174
RTSI,0,20170616,101410,995.220000000,2917
RTSI,0,20170616,101411,995.200000000,18439
RTSI,0,20170616,101412,995.190000000,6529
RTSI,0,20170616,101413,995.150000000,5036
RTSI,0,20170616,101414,995.180000000,4249
RTSI,0,20170616,101415,995.190000000,17335
RTSI,0,20170616,101416,995.510000000,100387
RTSI,0,20170616,101417,995.400000000,124514
RTSI,0,20170616,101418,995.380000000,34003
RTSI,0,20170616,101419,995.420000000,23960
RTSI,0,20170616,101420,995.360000000,12272
RTSI,0,20170616,101421,995.350000000,15308
RTSI,0,20170616,101422,995.330000000,20
RTSI,0,20170616,101423,995.300000000,5317
RTSI,0,20170616,101424,995.340000000,10386
RTSI,0,20170616,101425,995.360000000,5512
RTSI,0,20170616,101426,995.330000000,177
RTSI,0,20170616,101427,995.000000000,147897
RTSI,0,20170616,101428,994.990000000,800
RTSI,0,20170616,101429,994.980000000,21973
RTSI,0,20170616,101430,995.020000000,13462
RTSI,0,20170616,101431,995.000000000,3670
RTSI,0,20170616,101432,994.970000000,17319
RTSI,0,20170616,101433,994.950000000,4426
RTSI,0,20170616,101434,994.950000000,3905
RTSI,0,20170616,101435,994.860000000,13139
RTSI,0,20170616,101436,994.920000000,23693
RTSI,0,20170616,101437,994.950000000,602
RTSI,0,20170616,101438,994.990000000,5790
RTSI,0,20170616,101439,995.000000000,17855
RTSI,0,20170616,101440,995.000000000,2758
RTSI,0,20170616,101441,994.910000000,1962
RTSI,0,20170616,101442,994.960000000,21975
RTSI,0,20170616,101443,994.960000000,6423
RTSI,0,20170616,101444,994.870000000,8145
RTSI,0,20170616,101445,994.900000000,19184
RTSI,0,20170616,101446,994.690000000,137480
RTSI,0,20170616,101447,994.610000000,13181
RTSI,0,20170616,101448,994.600000000,10889
RTSI,0,20170616,101449,994.520000000,43776
RTSI,0,20170616,101450,994.500000000,2890
RTSI,0,20170616,101451,994.530000000,80190
RTSI,0,20170616,101452,994.490000000,17147
RTSI,0,20170616,101453,994.580000000,3563
RTSI,0,20170616,101454,994.590000000,2078
RTSI,0,20170616,101456,994.670000000,16106
RTSI,0,20170616,101457,994.720000000,7129
RTSI,0,20170616,101458,994.730000000,3699
RTSI,0,20170616,101459,994.760000000,4703
RTSI,0,20170616,101500,994.780000000,1379
RTSI,0,20170616,101501,994.680000000,46944
RTSI,0,20170616,101502,994.650000000,27950
RTSI,0,20170616,101503,994.620000000,3223
RTSI,0,20170616,101505,994.640000000,7686
RTSI,0,20170616,101506,994.690000000,1637
RTSI,0,20170616,101507,994.680000000,7382
RTSI,0,20170616,101508,994.640000000,20762
RTSI,0,20170616,101509,994.640000000,606
RTSI,0,20170616,101510,994.560000000,45826
RTSI,0,20170616,101511,994.550000000,148903
RTSI,0,20170616,101512,994.520000000,5395
RTSI,0,20170616,101513,994.490000000,4484
RTSI,0,20170616,101514,994.480000000,17082
RTSI,0,20170616,101515,994.530000000,21007
RTSI,0,20170616,101516,994.580000000,5099
RTSI,0,20170616,101517,994.610000000,17839
RTSI,0,20170616,101518,994.490000000,8666
RTSI,0,20170616,101519,994.540000000,35663
RTSI,0,20170616,101520,994.510000000,5821
RTSI,0,20170616,101521,994.580000000,107650
RTSI,0,20170616,101522,994.510000000,18657
RTSI,0,20170616,101523,994.510000000,11387
RTSI,0,20170616,101524,994.500000000,4865
RTSI,0,20170616,101525,994.500000000,69
RTSI,0,20170616,101526,994.500000000,2288
RTSI,0,20170616,101527,994.390000000,90008
RTSI,0,20170616,101528,994.430000000,50799
RTSI,0,20170616,101529,994.470000000,242
RTSI,0,20170616,101530,994.910000000,66762
RTSI,0,20170616,101531,995.260000000,423090
RTSI,0,20170616,101532,995.500000000,255109
RTSI,0,20170616,101533,995.630000000,200532
RTSI,0,20170616,101534,995.690000000,22701
RTSI,0,20170616,101535,995.720000000,130612
RTSI,0,20170616,101536,995.690000000,12675
RTSI,0,20170616,101537,995.710000000,40752
RTSI,0,20170616,101538,995.610000000,11307
RTSI,0,20170616,101539,995.640000000,69190
RTSI,0,20170616,101540,995.650000000,23113
RTSI,0,20170616,101541,995.630000000,28437
RTSI,0,20170616,101542,995.690000000,29086
RTSI,0,20170616,101543,995.580000000,8308
RTSI,0,20170616,101544,995.330000000,82248
RTSI,0,20170616,101545,995.180000000,48655
RTSI,0,20170616,101546,995.180000000,8836
RTSI,0,20170616,101547,995.240000000,2456
RTSI,0,20170616,101548,995.250000000,16820
RTSI,0,20170616,101549,995.250000000,8377
RTSI,0,20170616,101550,995.140000000,205533
RTSI,0,20170616,101551,995.070000000,7935
RTSI,0,20170616,101552,995.250000000,68221
RTSI,0,20170616,101553,995.300000000,191905
RTSI,0,20170616,101554,995.270000000,49239
RTSI,0,20170616,101555,995.180000000,12078
RTSI,0,20170616,101556,995.300000000,25069
RTSI,0,20170616,101557,995.360000000,8007
RTSI,0,20170616,101558,995.240000000,35292
RTSI,0,20170616,101559,995.300000000,33370
RTSI,0,20170616,101600,995.380000000,19721
RTSI,0,20170616,101601,995.340000000,30517
RTSI,0,20170616,101602,995.450000000,16355
RTSI,0,20170616,101603,995.520000000,69782
RTSI,0,20170616,101604,995.470000000,14222
RTSI,0,20170616,101605,995.520000000,3747
RTSI,0,20170616,101606,995.490000000,61159
RTSI,0,20170616,101607,995.510000000,4272
RTSI,0,20170616,101608,995.660000000,77883
RTSI,0,20170616,101609,995.720000000,28243
RTSI,0,20170616,101610,995.830000000,57483
RTSI,0,20170616,101611,995.790000000,9362
RTSI,0,20170616,101612,995.730000000,15349
RTSI,0,20170616,101613,995.760000000,2419
RTSI,0,20170616,101614,995.920000000,20491
RTSI,0,20170616,101615,995.860000000,8631
RTSI,0,20170616,101616,995.930000000,7836
RTSI,0,20170616,101617,995.950000000,72137
RTSI,0,20170616,101618,995.940000000,1105
RTSI,0,20170616,101619,995.930000000,113320
RTSI,0,20170616,101620,995.920000000,4825
RTSI,0,20170616,101621,995.940000000,11457
RTSI,0,20170616,101622,996.180000000,156702
RTSI,0,20170616,101623,996.330000000,83607
RTSI,0,20170616,101624,996.320000000,25504
RTSI,0,20170616,101625,996.300000000,15106
RTSI,0,20170616,101626,996.250000000,103713
RTSI,0,20170616,101627,996.220000000,31830
RTSI,0,20170616,101628,996.120000000,20117
RTSI,0,20170616,101629,995.960000000,160839
RTSI,0,20170616,101630,996.120000000,122849
RTSI,0,20170616,101631,996.160000000,185932
RTSI,0,20170616,101632,996.040000000,11288
RTSI,0,20170616,101633,996.030000000,5283
RTSI,0,20170616,101634,996.030000000,88508
RTSI,0,20170616,101635,996.040000000,21792
RTSI,0,20170616,101636,995.980000000,30622
RTSI,0,20170616,101637,995.980000000,8256
RTSI,0,20170616,101638,995.980000000,42900
RTSI,0,20170616,101639,996.010000000,38958
RTSI,0,20170616,101640,995.970000000,9469
RTSI,0,20170616,101641,996.020000000,8709
RTSI,0,20170616,101642,996.060000000,7601
RTSI,0,20170616,101643,995.720000000,100340
RTSI,0,20170616,101644,996.040000000,322429
RTSI,0,20170616,101645,995.970000000,21923
RTSI,0,20170616,101647,996.070000000,164985
RTSI,0,20170616,101648,996.090000000,22427
RTSI,0,20170616,101649,996.180000000,25596
RTSI,0,20170616,101650,996.220000000,20645
RTSI,0,20170616,101651,996.650000000,372453
RTSI,0,20170616,101652,996.650000000,72283
RTSI,0,20170616,101653,996.660000000,26495
RTSI,0,20170616,101654,996.730000000,1735
RTSI,0,20170616,101655,996.720000000,12891
RTSI,0,20170616,101656,996.630000000,17939
RTSI,0,20170616,101657,996.690000000,27233
RTSI,0,20170616,101658,996.760000000,26719
RTSI,0,20170616,101659,996.750000000,228241
RTSI,0,20170616,101700,996.520000000,117335
RTSI,0,20170616,101701,996.540000000,10821
RTSI,0,20170616,101702,996.550000000,283590
RTSI,0,20170616,101703,996.500000000,33097
RTSI,0,20170616,101704,996.510000000,5969
RTSI,0,20170616,101705,996.500000000,12374
RTSI,0,20170616,101706,996.490000000,71630
RTSI,0,20170616,101707,996.470000000,12062
RTSI,0,20170616,101708,996.510000000,68640
RTSI,0,20170616,101709,996.400000000,24319
RTSI,0,20170616,101710,996.350000000,9044
RTSI,0,20170616,101711,996.450000000,9179
RTSI,0,20170616,101712,996.380000000,5401
RTSI,0,20170616,101713,996.380000000,7385
RTSI,0,20170616,101714,996.300000000,24467
RTSI,0,20170616,101715,996.310000000,67529
RTSI,0,20170616,101716,996.300000000,52391
RTSI,0,20170616,101717,995.910000000,188641
RTSI,0,20170616,101718,995.900000000,21087
RTSI,0,20170616,101719,995.860000000,42270
RTSI,0,20170616,101720,995.920000000,17837
RTSI,0,20170616,101721,995.870000000,4552
RTSI,0,20170616,101722,995.910000000,2710
RTSI,0,20170616,101723,995.870000000,96484
RTSI,0,20170616,101724,995.860000000,3114
RTSI,0,20170616,101725,995.870000000,7761
RTSI,0,20170616,101726,995.900000000,8321
RTSI,0,20170616,101727,996.010000000,36664
RTSI,0,20170616,101728,995.990000000,56488
RTSI,0,20170616,101729,995.990000000,3640
RTSI,0,20170616,101730,996.010000000,680
RTSI,0,20170616,101731,996.080000000,16823
RTSI,0,20170616,101732,996.050000000,2190
RTSI,0,20170616,101733,996.050000000,887
RTSI,0,20170616,101734,996.120000000,67464
RTSI,0,20170616,101735,996.160000000,30572
RTSI,0,20170616,101736,996.040000000,79652
RTSI,0,20170616,101737,995.990000000,11719
RTSI,0,20170616,101738,996.050000000,5875
RTSI,0,20170616,101739,996.080000000,25658
RTSI,0,20170616,101740,996.010000000,3110
RTSI,0,20170616,101741,996.090000000,15136
RTSI,0,20170616,101742,996.140000000,24929
RTSI,0,20170616,101743,996.040000000,146296
RTSI,0,20170616,101744,995.810000000,137575
RTSI,0,20170616,101745,995.810000000,11740
RTSI,0,20170616,101746,995.820000000,21901
RTSI,0,20170616,101747,995.950000000,25594
RTSI,0,20170616,101748,995.950000000,1002
RTSI,0,20170616,101749,995.920000000,5175
RTSI,0,20170616,101750,995.800000000,9294
RTSI,0,20170616,101751,995.830000000,9553
RTSI,0,20170616,101752,995.940000000,18390
RTSI,0,20170616,101753,995.930000000,9594
RTSI,0,20170616,101754,995.920000000,66
RTSI,0,20170616,101755,995.920000000,13023
RTSI,0,20170616,101756,995.910000000,92744
RTSI,0,20170616,101757,995.910000000,31510
RTSI,0,20170616,101758,995.880000000,4912
RTSI,0,20170616,101759,995.930000000,28747
RTSI,0,20170616,101800,995.950000000,7864
RTSI,0,20170616,101801,995.970000000,34984
RTSI,0,20170616,101802,995.970000000,13263
RTSI,0,20170616,101803,996.020000000,23665
RTSI,0,20170616,101804,995.980000000,15918
RTSI,0,20170616,101805,996.070000000,13380
RTSI,0,20170616,101806,995.960000000,16008
RTSI,0,20170616,101807,995.810000000,87697
RTSI,0,20170616,101808,995.880000000,73212
RTSI,0,20170616,101809,995.880000000,59749
RTSI,0,20170616,101810,995.860000000,3194
RTSI,0,20170616,101811,995.760000000,3977
RTSI,0,20170616,101812,995.770000000,10204
RTSI,0,20170616,101813,995.730000000,82918
RTSI,0,20170616,101814,995.690000000,402
RTSI,0,20170616,101815,996.300000000,334921
RTSI,0,20170616,101816,996.380000000,22253
RTSI,0,20170616,101817,996.360000000,6775
RTSI,0,20170616,101818,996.370000000,3478
RTSI,0,20170616,101819,996.370000000,104004
RTSI,0,20170616,101820,996.350000000,22865
RTSI,0,20170616,101821,996.340000000,50478
RTSI,0,20170616,101822,996.330000000,5245
RTSI,0,20170616,101823,996.270000000,63509
RTSI,0,20170616,101824,996.320000000,6915
RTSI,0,20170616,101825,996.200000000,25727
RTSI,0,20170616,101826,996.220000000,42983
RTSI,0,20170616,101827,996.220000000,39669
RTSI,0,20170616,101828,996.200000000,8684
RTSI,0,20170616,101829,996.320000000,72572
RTSI,0,20170616,101830,996.310000000,56712
RTSI,0,20170616,101831,996.390000000,23248
RTSI,0,20170616,101832,996.370000000,2117
RTSI,0,20170616,101833,996.330000000,36920
RTSI,0,20170616,101834,996.360000000,21839
RTSI,0,20170616,101835,996.310000000,28094
RTSI,0,20170616,101836,996.440000000,182750
RTSI,0,20170616,101837,996.370000000,55731
RTSI,0,20170616,101838,996.510000000,56160
RTSI,0,20170616,101839,996.570000000,92221
RTSI,0,20170616,101840,996.540000000,22999
RTSI,0,20170616,101841,996.540000000,17736
RTSI,0,20170616,101842,996.540000000,377
RTSI,0,20170616,101843,996.530000000,81401
RTSI,0,20170616,101844,996.560000000,3118
RTSI,0,20170616,101845,996.500000000,67689
RTSI,0,20170616,101846,996.630000000,43873
RTSI,0,20170616,101847,996.610000000,29101
RTSI,0,20170616,101848,996.630000000,2446
RTSI,0,20170616,101849,996.650000000,8645
RTSI,0,20170616,101850,996.670000000,21727
RTSI,0,20170616,101851,996.740000000,125330
RTSI,0,20170616,101852,996.760000000,1561
RTSI,0,20170616,101853,996.700000000,38311
RTSI,0,20170616,101854,996.670000000,32372
RTSI,0,20170616,101855,996.680000000,114680
RTSI,0,20170616,101856,996.820000000,256054
RTSI,0,20170616,101857,997.090000000,101691
RTSI,0,20170616,101858,997.080000000,87896
RTSI,0,20170616,101859,997.160000000,49934
RTSI,0,20170616,101900,997.230000000,24850
RTSI,0,20170616,101901,997.310000000,67127
RTSI,0,20170616,101902,997.330000000,124397
RTSI,0,20170616,101903,997.370000000,192331
RTSI,0,20170616,101904,997.590000000,191496
RTSI,0,20170616,101905,997.760000000,142986
RTSI,0,20170616,101906,997.780000000,9738
RTSI,0,20170616,101907,997.670000000,19803
RTSI,0,20170616,101908,997.670000000,1667
RTSI,0,20170616,101909,997.820000000,346819
RTSI,0,20170616,101910,997.660000000,75615
RTSI,0,20170616,101911,997.620000000,31418
RTSI,0,20170616,101912,997.630000000,22984
RTSI,0,20170616,101913,997.680000000,23540
RTSI,0,20170616,101914,997.600000000,24930
RTSI,0,20170616,101915,997.540000000,42595
RTSI,0,20170616,101916,997.500000000,56061
RTSI,0,20170616,101917,997.430000000,319527
RTSI,0,20170616,101918,997.410000000,168123
RTSI,0,20170616,101919,997.450000000,53965
RTSI,0,20170616,101920,997.550000000,61468
RTSI,0,20170616,101921,997.530000000,3750
RTSI,0,20170616,101922,997.470000000,3017
RTSI,0,20170616,101923,997.520000000,21275
RTSI,0,20170616,101924,997.390000000,4007
RTSI,0,20170616,101925,997.440000000,58848
RTSI,0,20170616,101926,997.550000000,29609
RTSI,0,20170616,101927,997.490000000,12300
RTSI,0,20170616,101928,997.560000000,2724
RTSI,0,20170616,101929,997.530000000,6271
RTSI,0,20170616,101930,997.560000000,2211
RTSI,0,20170616,101931,997.620000000,14990
RTSI,0,20170616,101932,997.690000000,36198
RTSI,0,20170616,101933,997.620000000,130182
RTSI,0,20170616,101934,997.690000000,135368
RTSI,0,20170616,101935,997.720000000,52149
RTSI,0,20170616,101936,997.710000000,9313
RTSI,0,20170616,101937,997.790000000,19316
RTSI,0,20170616,101938,997.750000000,16774
RTSI,0,20170616,101939,997.760000000,19495
RTSI,0,20170616,101940,997.830000000,49927
RTSI,0,20170616,101941,997.810000000,43598
RTSI,0,20170616,101942,997.890000000,290427
RTSI,0,20170616,101943,997.950000000,13909
RTSI,0,20170616,101944,998.010000000,23505
RTSI,0,20170616,101945,997.980000000,92759
RTSI,0,20170616,101946,997.910000000,111952
RTSI,0,20170616,101947,997.900000000,5888
RTSI,0,20170616,101948,997.980000000,47132
RTSI,0,20170616,101949,998.020000000,28884
RTSI,0,20170616,101950,998.040000000,101215
RTSI,0,20170616,101951,998.120000000,18497
RTSI,0,20170616,101952,998.070000000,9458
RTSI,0,20170616,101953,998.010000000,4937
RTSI,0,20170616,101954,998.120000000,16377
RTSI,0,20170616,101955,998.130000000,2132
RTSI,0,20170616,101956,998.170000000,5514
RTSI,0,20170616,101957,998.210000000,33353
RTSI,0,20170616,101958,998.370000000,23018
RTSI,0,20170616,101959,998.370000000,31745
RTSI,0,20170616,102000,998.380000000,4399
RTSI,0,20170616,102001,998.380000000,223707
RTSI,0,20170616,102002,998.770000000,193529
RTSI,0,20170616,102003,998.700000000,86707
RTSI,0,20170616,102004,998.960000000,86788
RTSI,0,20170616,102005,998.970000000,23397
RTSI,0,20170616,102006,998.970000000,511046
RTSI,0,20170616,102007,998.860000000,34761
RTSI,0,20170616,102008,998.790000000,17542
RTSI,0,20170616,102009,998.850000000,42385
RTSI,0,20170616,102010,998.740000000,75252
RTSI,0,20170616,102011,999.050000000,81218
RTSI,0,20170616,102012,998.960000000,29789
RTSI,0,20170616,102013,998.980000000,37230
RTSI,0,20170616,102014,998.920000000,52567
RTSI,0,20170616,102015,998.990000000,50981
RTSI,0,20170616,102016,998.980000000,24296
RTSI,0,20170616,102017,998.810000000,34007
RTSI,0,20170616,102018,998.930000000,74817
RTSI,0,20170616,102019,998.810000000,23047
RTSI,0,20170616,102020,998.840000000,23022
RTSI,0,20170616,102021,998.740000000,50960
RTSI,0,20170616,102022,998.830000000,29600
RTSI,0,20170616,102023,998.820000000,39050
RTSI,0,20170616,102024,998.760000000,24056
RTSI,0,20170616,102025,998.730000000,70896
RTSI,0,20170616,102026,998.740000000,39043
RTSI,0,20170616,102027,998.690000000,51444
RTSI,0,20170616,102028,998.730000000,19410
RTSI,0,20170616,102029,998.560000000,54245
RTSI,0,20170616,102030,998.480000000,25994
RTSI,0,20170616,102031,998.490000000,8224
RTSI,0,20170616,102032,998.490000000,22277
RTSI,0,20170616,102033,998.420000000,37604
RTSI,0,20170616,102034,998.370000000,249475
RTSI,0,20170616,102035,998.410000000,11243
RTSI,0,20170616,102036,998.360000000,49367
RTSI,0,20170616,102037,998.300000000,232387
RTSI,0,20170616,102038,998.350000000,11681
RTSI,0,20170616,102039,998.390000000,3088
RTSI,0,20170616,102040,998.400000000,5594
RTSI,0,20170616,102041,998.430000000,3845
RTSI,0,20170616,102042,998.350000000,19022
RTSI,0,20170616,102043,998.350000000,85053
RTSI,0,20170616,102044,998.470000000,300349
RTSI,0,20170616,102045,998.470000000,31285
RTSI,0,20170616,102046,998.470000000,58497
RTSI,0,20170616,102047,998.500000000,33592
RTSI,0,20170616,102048,998.260000000,93124
RTSI,0,20170616,102049,998.290000000,11739
RTSI,0,20170616,102050,998.240000000,19994
RTSI,0,20170616,102051,998.210000000,48583
RTSI,0,20170616,102052,998.320000000,4916
RTSI,0,20170616,102053,998.320000000,689
RTSI,0,20170616,102054,998.260000000,71125
RTSI,0,20170616,102055,998.190000000,157621
RTSI,0,20170616,102056,997.980000000,401321
RTSI,0,20170616,102057,997.880000000,25250
RTSI,0,20170616,102058,997.740000000,30118
RTSI,0,20170616,102059,997.880000000,75521
RTSI,0,20170616,102100,997.790000000,18344
RTSI,0,20170616,102101,997.800000000,1575
RTSI,0,20170616,102102,997.870000000,18316
RTSI,0,20170616,102103,997.870000000,24381
RTSI,0,20170616,102104,997.840000000,15927
RTSI,0,20170616,102105,997.870000000,21988
RTSI,0,20170616,102106,997.820000000,129846
RTSI,0,20170616,102107,997.770000000,11291
RTSI,0,20170616,102108,997.900000000,6605
RTSI,0,20170616,102109,997.870000000,23069
RTSI,0,20170616,102110,997.820000000,57148
RTSI,0,20170616,102111,997.820000000,56440
RTSI,0,20170616,102112,997.910000000,56935
RTSI,0,20170616,102113,997.880000000,18730
RTSI,0,20170616,102114,997.960000000,12723
RTSI,0,20170616,102115,997.940000000,51936
RTSI,0,20170616,102116,997.940000000,96046
RTSI,0,20170616,102117,998.060000000,64217
RTSI,0,20170616,102118,998.010000000,11353
RTSI,0,20170616,102119,998.170000000,5860
RTSI,0,20170616,102120,998.110000000,32755
RTSI,0,20170616,102121,998.050000000,37634
RTSI,0,20170616,102122,998.160000000,81369
RTSI,0,20170616,102123,998.180000000,3761
RTSI,0,20170616,102124,998.160000000,260
RTSI,0,20170616,102125,998.140000000,20178
RTSI,0,20170616,102126,998.030000000,219255
RTSI,0,20170616,102127,998.060000000,13069
RTSI,0,20170616,102128,998.080000000,22686
RTSI,0,20170616,102129,998.080000000,38904
RTSI,0,20170616,102130,998.120000000,7001
RTSI,0,20170616,102131,998.110000000,350
RTSI,0,20170616,102132,998.090000000,6246
RTSI,0,20170616,102133,998.110000000,785
RTSI,0,20170616,102134,998.060000000,38108
RTSI,0,20170616,102135,998.050000000,52153
RTSI,0,20170616,102136,998.040000000,2543
RTSI,0,20170616,102137,998.050000000,3697
RTSI,0,20170616,102138,998.060000000,3881
RTSI,0,20170616,102139,998.000000000,42500
RTSI,0,20170616,102140,997.950000000,6992
RTSI,0,20170616,102141,997.840000000,17218
RTSI,0,20170616,102142,997.820000000,18549
RTSI,0,20170616,102143,997.700000000,200514
RTSI,0,20170616,102144,997.710000000,21275
RTSI,0,20170616,102145,997.710000000,40860
RTSI,0,20170616,102146,997.680000000,25842
RTSI,0,20170616,102147,997.710000000,35412
RTSI,0,20170616,102148,997.740000000,5735
RTSI,0,20170616,102149,997.770000000,7906
RTSI,0,20170616,102150,997.800000000,7865
RTSI,0,20170616,102151,997.630000000,39989
RTSI,0,20170616,102152,997.430000000,35624
RTSI,0,20170616,102153,997.460000000,151211
RTSI,0,20170616,102154,997.540000000,49512
RTSI,0,20170616,102155,997.620000000,6543
RTSI,0,20170616,102156,997.580000000,16871
RTSI,0,20170616,102157,997.550000000,18177
RTSI,0,20170616,102158,997.530000000,1706
RTSI,0,20170616,102159,997.490000000,36210
RTSI,0,20170616,102200,997.520000000,113012
RTSI,0,20170616,102201,997.500000000,43371
RTSI,0,20170616,102202,997.570000000,28431
RTSI,0,20170616,102203,997.620000000,14186
RTSI,0,20170616,102204,997.690000000,23891
RTSI,0,20170616,102205,997.730000000,22324
RTSI,0,20170616,102206,997.770000000,10431
RTSI,0,20170616,102207,997.770000000,31738
RTSI,0,20170616,102208,997.780000000,2773
RTSI,0,20170616,102209,997.810000000,12221
RTSI,0,20170616,102210,997.830000000,6004
RTSI,0,20170616,102211,997.860000000,7898
RTSI,0,20170616,102212,997.850000000,2599
RTSI,0,20170616,102213,997.850000000,915
RTSI,0,20170616,102214,997.910000000,45786
RTSI,0,20170616,102215,997.980000000,15510
RTSI,0,20170616,102216,997.970000000,9407
RTSI,0,20170616,102217,998.040000000,31117
RTSI,0,20170616,102218,998.030000000,282
RTSI,0,20170616,102219,997.980000000,37155
RTSI,0,20170616,102220,998.000000000,14966
RTSI,0,20170616,102221,997.930000000,12562
RTSI,0,20170616,102222,997.930000000,25502
RTSI,0,20170616,102223,997.960000000,2741
RTSI,0,20170616,102224,998.020000000,1601
RTSI,0,20170616,102225,997.910000000,28862
RTSI,0,20170616,102226,997.930000000,15047
RTSI,0,20170616,102227,997.930000000,1323
RTSI,0,20170616,102228,997.950000000,5591
RTSI,0,20170616,102229,997.960000000,1598
RTSI,0,20170616,102230,997.940000000,4392
RTSI,0,20170616,102231,997.940000000,2757
RTSI,0,20170616,102232,997.940000000,174
RTSI,0,20170616,102233,997.870000000,22241
RTSI,0,20170616,102234,997.860000000,8775
RTSI,0,20170616,102235,997.860000000,4173
RTSI,0,20170616,102236,997.860000000,67
RTSI,0,20170616,102237,997.880000000,353
RTSI,0,20170616,102238,997.850000000,50156
RTSI,0,20170616,102239,997.780000000,27145
RTSI,0,20170616,102240,997.790000000,3317
RTSI,0,20170616,102241,997.870000000,13180
RTSI,0,20170616,102242,997.870000000,20367
RTSI,0,20170616,102243,997.870000000,32533
RTSI,0,20170616,102244,997.900000000,654
RTSI,0,20170616,102245,997.900000000,1563
RTSI,0,20170616,102246,997.900000000,15593
RTSI,0,20170616,102247,997.880000000,98947
RTSI,0,20170616,102248,997.900000000,31887
RTSI,0,20170616,102249,997.870000000,2495
RTSI,0,20170616,102250,997.840000000,12304
RTSI,0,20170616,102251,997.890000000,4185
RTSI,0,20170616,102252,997.960000000,36819
RTSI,0,20170616,102253,997.930000000,7589
RTSI,0,20170616,102254,997.960000000,7269
RTSI,0,20170616,102255,997.950000000,2016
RTSI,0,20170616,102256,998.010000000,75747
RTSI,0,20170616,102257,998.170000000,49552
RTSI,0,20170616,102258,998.090000000,26623
RTSI,0,20170616,102259,998.060000000,83179
RTSI,0,20170616,102301,998.020000000,21775
RTSI,0,20170616,102302,998.050000000,26887
RTSI,0,20170616,102303,998.020000000,48706
RTSI,0,20170616,102304,998.000000000,31406
RTSI,0,20170616,102305,997.940000000,57691
RTSI,0,20170616,102306,998.010000000,82010
RTSI,0,20170616,102307,998.010000000,24109
RTSI,0,20170616,102308,998.080000000,14209
RTSI,0,20170616,102309,997.960000000,10217
RTSI,0,20170616,102310,997.980000000,11782
RTSI,0,20170616,102311,997.940000000,10990
RTSI,0,20170616,102312,997.900000000,234755
RTSI,0,20170616,102313,997.880000000,94973
RTSI,0,20170616,102314,997.880000000,1719
RTSI,0,20170616,102315,997.860000000,393
RTSI,0,20170616,102316,997.860000000,238
RTSI,0,20170616,102317,997.860000000,19154
RTSI,0,20170616,102318,997.920000000,10699
RTSI,0,20170616,102319,997.880000000,1047
RTSI,0,20170616,102320,997.890000000,43885
RTSI,0,20170616,102321,997.930000000,75516
RTSI,0,20170616,102322,997.870000000,91103
RTSI,0,20170616,102323,997.960000000,29708
RTSI,0,20170616,102324,997.900000000,7772
RTSI,0,20170616,102325,997.940000000,6772
RTSI,0,20170616,102326,997.910000000,58471
RTSI,0,20170616,102327,997.900000000,1291
RTSI,0,20170616,102328,997.950000000,13726
RTSI,0,20170616,102329,997.910000000,47446
RTSI,0,20170616,102330,997.950000000,5474
RTSI,0,20170616,102331,998.000000000,55204
RTSI,0,20170616,102332,997.970000000,64394
RTSI,0,20170616,102333,998.000000000,13088
RTSI,0,20170616,102334,998.100000000,54763
RTSI,0,20170616,102335,998.100000000,43324
RTSI,0,20170616,102336,998.140000000,26959
RTSI,0,20170616,102337,998.120000000,32649
RTSI,0,20170616,102338,998.450000000,125740
RTSI,0,20170616,102339,998.480000000,492
RTSI,0,20170616,102340,998.450000000,4204
RTSI,0,20170616,102341,998.440000000,3014
RTSI,0,20170616,102342,998.460000000,16346
RTSI,0,20170616,102343,998.470000000,5708
RTSI,0,20170616,102344,998.480000000,11417
RTSI,0,20170616,102345,998.450000000,34938
RTSI,0,20170616,102346,998.350000000,33089
RTSI,0,20170616,102347,998.360000000,6902
RTSI,0,20170616,102348,998.350000000,59922
RTSI,0,20170616,102349,998.190000000,77192
RTSI,0,20170616,102350,998.180000000,27892
RTSI,0,20170616,102351,998.100000000,12650
RTSI,0,20170616,102352,998.080000000,8407
RTSI,0,20170616,102353,998.070000000,21244
RTSI,0,20170616,102354,998.040000000,12972
RTSI,0,20170616,102355,998.020000000,25505
RTSI,0,20170616,102356,998.120000000,43245
RTSI,0,20170616,102357,998.120000000,637
RTSI,0,20170616,102358,998.160000000,22806
RTSI,0,20170616,102359,998.180000000,2342
RTSI,0,20170616,102400,998.160000000,8099
RTSI,0,20170616,102401,998.200000000,10351
RTSI,0,20170616,102402,998.210000000,7662
RTSI,0,20170616,102403,998.250000000,7399
RTSI,0,20170616,102404,998.180000000,6692
RTSI,0,20170616,102405,998.220000000,1159
RTSI,0,20170616,102406,998.230000000,23455
RTSI,0,20170616,102407,998.180000000,44517
RTSI,0,20170616,102408,998.170000000,142483
RTSI,0,20170616,102409,998.270000000,10485
RTSI,0,20170616,102410,998.360000000,21192
RTSI,0,20170616,102411,998.350000000,16402
RTSI,0,20170616,102412,998.250000000,17114
RTSI,0,20170616,102413,998.220000000,17444
RTSI,0,20170616,102414,998.250000000,61680
RTSI,0,20170616,102415,998.240000000,4132
RTSI,0,20170616,102416,998.230000000,35773
RTSI,0,20170616,102417,998.160000000,25006
RTSI,0,20170616,102418,998.180000000,26185
RTSI,0,20170616,102419,998.160000000,75081
RTSI,0,20170616,102420,998.180000000,57736
RTSI,0,20170616,102421,998.150000000,26608
RTSI,0,20170616,102422,998.150000000,1058
RTSI,0,20170616,102423,998.130000000,20466
RTSI,0,20170616,102424,998.120000000,2695
RTSI,0,20170616,102425,998.140000000,5520
RTSI,0,20170616,102426,998.150000000,16023
RTSI,0,20170616,102427,998.190000000,13602
RTSI,0,20170616,102428,998.170000000,6258
RTSI,0,20170616,102429,998.090000000,18015
RTSI,0,20170616,102430,998.100000000,6396
RTSI,0,20170616,102431,997.790000000,317459
RTSI,0,20170616,102432,997.760000000,38770
RTSI,0,20170616,102433,997.720000000,49501
RTSI,0,20170616,102434,997.810000000,856
RTSI,0,20170616,102435,997.830000000,8546
RTSI,0,20170616,102436,997.910000000,2978
RTSI,0,20170616,102437,997.980000000,27762
RTSI,0,20170616,102438,998.030000000,11173
RTSI,0,20170616,102439,998.320000000,139773
RTSI,0,20170616,102440,998.300000000,16086
RTSI,0,20170616,102441,998.320000000,8988
RTSI,0,20170616,102442,998.320000000,1593
RTSI,0,20170616,102443,998.230000000,14997
RTSI,0,20170616,102444,998.240000000,1224
RTSI,0,20170616,102445,998.260000000,25897
RTSI,0,20170616,102446,998.250000000,885
RTSI,0,20170616,102447,998.150000000,9753
RTSI,0,20170616,102448,998.150000000,67996
RTSI,0,20170616,102449,998.030000000,24916
RTSI,0,20170616,102450,997.790000000,113730
RTSI,0,20170616,102451,997.810000000,47110
RTSI,0,20170616,102452,997.830000000,4784
RTSI,0,20170616,102453,997.850000000,54966
RTSI,0,20170616,102454,997.890000000,20841
RTSI,0,20170616,102455,997.870000000,2692
RTSI,0,20170616,102456,997.860000000,7367
RTSI,0,20170616,102457,997.870000000,8560
RTSI,0,20170616,102458,997.890000000,2756
RTSI,0,20170616,102459,997.990000000,3415
RTSI,0,20170616,102500,997.970000000,9860
RTSI,0,20170616,102501,997.970000000,48568
RTSI,0,20170616,102502,997.970000000,38050
RTSI,0,20170616,102503,997.700000000,52948
RTSI,0,20170616,102504,997.810000000,126189
RTSI,0,20170616,102505,997.690000000,80905
RTSI,0,20170616,102506,997.750000000,33353
RTSI,0,20170616,102507,997.880000000,364555
RTSI,0,20170616,102508,997.860000000,63137
RTSI,0,20170616,102509,997.900000000,14795
RTSI,0,20170616,102510,997.880000000,68956
RTSI,0,20170616,102511,997.900000000,139739
RTSI,0,20170616,102512,997.920000000,53560
RTSI,0,20170616,102513,997.920000000,540
RTSI,0,20170616,102514,997.950000000,2377
RTSI,0,20170616,102515,997.940000000,34447
RTSI,0,20170616,102516,997.860000000,114335
RTSI,0,20170616,102517,997.830000000,17443
RTSI,0,20170616,102518,997.870000000,47246
RTSI,0,20170616,102519,997.870000000,25928
RTSI,0,20170616,102520,997.900000000,8526
RTSI,0,20170616,102521,997.940000000,18138
RTSI,0,20170616,102522,997.960000000,25104
RTSI,0,20170616,102523,997.970000000,1136
RTSI,0,20170616,102524,997.970000000,7965
RTSI,0,20170616,102525,997.940000000,19942
RTSI,0,20170616,102526,997.920000000,2333
RTSI,0,20170616,102527,997.910000000,14390
RTSI,0,20170616,102528,997.920000000,79250
RTSI,0,20170616,102529,997.880000000,2913
RTSI,0,20170616,102530,997.910000000,8118
RTSI,0,20170616,102531,997.710000000,108222
RTSI,0,20170616,102532,997.660000000,25160
RTSI,0,20170616,102533,997.600000000,5528
RTSI,0,20170616,102534,997.650000000,1259
RTSI,0,20170616,102535,997.640000000,7063
RTSI,0,20170616,102536,997.600000000,6793
RTSI,0,20170616,102537,997.650000000,19788
RTSI,0,20170616,102538,997.630000000,722
RTSI,0,20170616,102539,997.610000000,1641
RTSI,0,20170616,102540,997.640000000,4364
RTSI,0,20170616,102541,997.630000000,96
RTSI,0,20170616,102542,997.580000000,8698
RTSI,0,20170616,102543,997.630000000,5287
RTSI,0,20170616,102544,997.610000000,2190
RTSI,0,20170616,102545,997.540000000,16597
RTSI,0,20170616,102546,997.550000000,118918
RTSI,0,20170616,102547,997.590000000,15869
RTSI,0,20170616,102548,997.500000000,27850
RTSI,0,20170616,102549,997.500000000,20074
RTSI,0,20170616,102550,997.460000000,1218
RTSI,0,20170616,102551,997.430000000,4876
RTSI,0,20170616,102552,997.330000000,195840
RTSI,0,20170616,102553,997.220000000,82460
RTSI,0,20170616,102554,997.110000000,47390
RTSI,0,20170616,102555,997.050000000,3412
RTSI,0,20170616,102556,996.900000000,195237
RTSI,0,20170616,102557,996.820000000,102291
RTSI,0,20170616,102558,996.690000000,28054
RTSI,0,20170616,102559,996.660000000,6759
RTSI,0,20170616,102600,996.710000000,58741
RTSI,0,20170616,102601,996.730000000,41126
RTSI,0,20170616,102602,996.640000000,41853
RTSI,0,20170616,102603,996.710000000,45796
RTSI,0,20170616,102604,996.650000000,34649
RTSI,0,20170616,102605,996.670000000,130361
RTSI,0,20170616,102606,996.670000000,20266
RTSI,0,20170616,102607,996.700000000,41200
RTSI,0,20170616,102608,996.670000000,4355
RTSI,0,20170616,102609,996.720000000,9338
RTSI,0,20170616,102610,996.620000000,27641
RTSI,0,20170616,102611,996.710000000,3517
RTSI,0,20170616,102612,996.760000000,9322
RTSI,0,20170616,102613,996.750000000,167412
RTSI,0,20170616,102614,996.750000000,3157
RTSI,0,20170616,102615,996.690000000,5053
RTSI,0,20170616,102616,996.710000000,3486
RTSI,0,20170616,102617,996.830000000,12007
RTSI,0,20170616,102618,996.800000000,1456
RTSI,0,20170616,102619,996.710000000,7496
RTSI,0,20170616,102620,996.760000000,6590
RTSI,0,20170616,102621,996.740000000,11336
RTSI,0,20170616,102622,996.740000000,736
RTSI,0,20170616,102623,996.470000000,226615
RTSI,0,20170616,102624,996.380000000,73208
RTSI,0,20170616,102625,996.270000000,25080
RTSI,0,20170616,102626,996.280000000,3338
RTSI,0,20170616,102627,996.280000000,15305
RTSI,0,20170616,102628,996.340000000,3082
RTSI,0,20170616,102629,996.360000000,1039
RTSI,0,20170616,102630,996.370000000,238
RTSI,0,20170616,102631,996.370000000,7236
RTSI,0,20170616,102632,996.320000000,16812
RTSI,0,20170616,102633,996.300000000,19222
RTSI,0,20170616,102634,996.280000000,649
RTSI,0,20170616,102635,996.320000000,21307
RTSI,0,20170616,102636,996.320000000,1800
RTSI,0,20170616,102637,996.310000000,23560
RTSI,0,20170616,102638,996.290000000,4333
RTSI,0,20170616,102639,996.220000000,1371
RTSI,0,20170616,102640,996.290000000,18940
RTSI,0,20170616,102641,996.240000000,26062
RTSI,0,20170616,102642,996.290000000,22831
RTSI,0,20170616,102643,996.350000000,4700
RTSI,0,20170616,102644,996.310000000,13885
RTSI,0,20170616,102645,996.270000000,47458
RTSI,0,20170616,102646,996.210000000,76860
RTSI,0,20170616,102647,996.170000000,193784
RTSI,0,20170616,102648,996.010000000,157503
RTSI,0,20170616,102649,995.820000000,358002
RTSI,0,20170616,102650,995.760000000,24214
RTSI,0,20170616,102651,995.930000000,197787
RTSI,0,20170616,102652,995.980000000,15335
RTSI,0,20170616,102653,995.860000000,23016
RTSI,0,20170616,102654,995.810000000,18654
RTSI,0,20170616,102655,995.810000000,13104
RTSI,0,20170616,102656,995.780000000,4476
RTSI,0,20170616,102657,995.690000000,4299
RTSI,0,20170616,102658,995.710000000,26297
RTSI,0,20170616,102659,995.730000000,7078
RTSI,0,20170616,102700,995.790000000,64423
RTSI,0,20170616,102701,996.250000000,100801
RTSI,0,20170616,102702,996.440000000,28280
RTSI,0,20170616,102703,996.370000000,16045
RTSI,0,20170616,102704,996.370000000,24231
RTSI,0,20170616,102705,996.360000000,12367
RTSI,0,20170616,102706,996.280000000,10045
RTSI,0,20170616,102707,996.200000000,27417
RTSI,0,20170616,102708,996.230000000,9949
RTSI,0,20170616,102709,996.240000000,1344
RTSI,0,20170616,102710,996.170000000,30198
RTSI,0,20170616,102711,996.210000000,8752
RTSI,0,20170616,102712,996.180000000,8676
RTSI,0,20170616,102713,996.140000000,72024
RTSI,0,20170616,102714,996.100000000,3165
RTSI,0,20170616,102716,996.060000000,14575
RTSI,0,20170616,102717,996.060000000,5333
RTSI,0,20170616,102718,996.050000000,16752
RTSI,0,20170616,102719,996.030000000,9968
RTSI,0,20170616,102720,996.130000000,2774
RTSI,0,20170616,102721,996.130000000,3413
RTSI,0,20170616,102722,996.150000000,6447
RTSI,0,20170616,102723,996.140000000,2758
RTSI,0,20170616,102724,996.140000000,2907
RTSI,0,20170616,102725,996.150000000,10581
RTSI,0,20170616,102726,996.190000000,8433
RTSI,0,20170616,102727,996.190000000,1069
RTSI,0,20170616,102728,996.120000000,89685
RTSI,0,20170616,102729,996.000000000,102965
RTSI,0,20170616,102730,995.970000000,67386
RTSI,0,20170616,102731,995.920000000,66472
RTSI,0,20170616,102732,995.840000000,39122
RTSI,0,20170616,102733,995.790000000,42649
RTSI,0,20170616,102734,995.800000000,21151
RTSI,0,20170616,102735,995.780000000,12466
RTSI,0,20170616,102736,995.740000000,39951
RTSI,0,20170616,102737,995.870000000,4033
RTSI,0,20170616,102738,995.870000000,37761
RTSI,0,20170616,102739,995.860000000,14643
RTSI,0,20170616,102740,995.940000000,15164
RTSI,0,20170616,102741,995.950000000,21322
RTSI,0,20170616,102742,996.040000000,101164
RTSI,0,20170616,102743,996.020000000,16778
RTSI,0,20170616,102744,996.040000000,5827
RTSI,0,20170616,102745,995.950000000,90253
RTSI,0,20170616,102746,995.970000000,46058
RTSI,0,20170616,102747,995.740000000,38595
RTSI,0,20170616,102748,995.770000000,2030
RTSI,0,20170616,102749,995.780000000,13474
RTSI,0,20170616,102750,995.800000000,5833
RTSI,0,20170616,102751,995.770000000,17234
RTSI,0,20170616,102752,995.720000000,7866
RTSI,0,20170616,102753,995.700000000,565
RTSI,0,20170616,102754,995.720000000,4129
RTSI,0,20170616,102755,995.700000000,3098
RTSI,0,20170616,102756,995.680000000,9607
RTSI,0,20170616,102757,995.680000000,17139
RTSI,0,20170616,102758,995.720000000,31948
RTSI,0,20170616,102759,995.730000000,11067
RTSI,0,20170616,102800,995.760000000,42444
RTSI,0,20170616,102801,995.770000000,10721
RTSI,0,20170616,102802,995.760000000,73065
RTSI,0,20170616,102803,995.880000000,43059
RTSI,0,20170616,102804,995.860000000,15783
RTSI,0,20170616,102805,995.900000000,24755
RTSI,0,20170616,102806,995.880000000,13836
RTSI,0,20170616,102807,995.910000000,9588
RTSI,0,20170616,102808,995.940000000,28849
RTSI,0,20170616,102809,995.950000000,6258
RTSI,0,20170616,102810,995.950000000,1523
RTSI,0,20170616,102811,996.220000000,15493
RTSI,0,20170616,102812,996.330000000,66583
RTSI,0,20170616,102813,996.390000000,34407
RTSI,0,20170616,102814,996.420000000,13773
RTSI,0,20170616,102815,996.420000000,5117
RTSI,0,20170616,102816,996.430000000,3462
RTSI,0,20170616,102817,996.430000000,1942
RTSI,0,20170616,102818,996.260000000,3832
RTSI,0,20170616,102819,996.260000000,2294
RTSI,0,20170616,102820,996.380000000,8108
RTSI,0,20170616,102821,996.380000000,7468
RTSI,0,20170616,102822,996.420000000,3461
RTSI,0,20170616,102823,996.410000000,6737
RTSI,0,20170616,102824,996.400000000,28613
RTSI,0,20170616,102825,996.430000000,3764
RTSI,0,20170616,102826,996.460000000,20276
RTSI,0,20170616,102827,996.330000000,47786
RTSI,0,20170616,102828,996.330000000,46996
RTSI,0,20170616,102829,996.340000000,9331
RTSI,0,20170616,102830,996.410000000,24448
RTSI,0,20170616,102831,996.400000000,13166
RTSI,0,20170616,102832,996.440000000,9789
RTSI,0,20170616,102833,996.440000000,21739
RTSI,0,20170616,102834,996.450000000,67026
RTSI,0,20170616,102835,996.470000000,26188
RTSI,0,20170616,102836,996.440000000,11344
RTSI,0,20170616,102837,996.430000000,1581
RTSI,0,20170616,102838,996.420000000,4840
RTSI,0,20170616,102839,996.400000000,4426
RTSI,0,20170616,102840,996.480000000,274963
RTSI,0,20170616,102841,996.420000000,13931
RTSI,0,20170616,102842,996.440000000,3355
RTSI,0,20170616,102843,996.430000000,4640
RTSI,0,20170616,102844,996.530000000,32025
RTSI,0,20170616,102845,996.510000000,5192
RTSI,0,20170616,102846,996.540000000,21490
RTSI,0,20170616,102847,996.530000000,7273
RTSI,0,20170616,102848,996.530000000,209
RTSI,0,20170616,102849,996.520000000,2265
RTSI,0,20170616,102850,996.510000000,5873
RTSI,0,20170616,102851,996.530000000,7216
RTSI,0,20170616,102852,996.600000000,27298
RTSI,0,20170616,102853,996.600000000,3522
RTSI,0,20170616,102854,996.600000000,21806
RTSI,0,20170616,102855,996.540000000,17056
RTSI,0,20170616,102856,996.570000000,17772
RTSI,0,20170616,102857,996.540000000,961
RTSI,0,20170616,102858,996.560000000,2191
RTSI,0,20170616,102859,996.550000000,485
RTSI,0,20170616,102900,996.500000000,15485
RTSI,0,20170616,102901,996.530000000,2944
RTSI,0,20170616,102902,996.440000000,11208
RTSI,0,20170616,102903,996.460000000,13535
RTSI,0,20170616,102904,996.390000000,11774
RTSI,0,20170616,102905,996.420000000,40560
RTSI,0,20170616,102906,996.430000000,4384
RTSI,0,20170616,102907,996.430000000,1268
RTSI,0,20170616,102908,996.420000000,6063
RTSI,0,20170616,102909,996.390000000,5547
RTSI,0,20170616,102910,996.380000000,3404
RTSI,0,20170616,102911,996.310000000,38622
RTSI,0,20170616,102912,996.250000000,24170
RTSI,0,20170616,102913,996.150000000,110825
RTSI,0,20170616,102914,996.080000000,85065
RTSI,0,20170616,102915,996.070000000,75049
RTSI,0,20170616,102916,995.920000000,61548
RTSI,0,20170616,102917,995.900000000,3386
RTSI,0,20170616,102918,995.910000000,1814
RTSI,0,20170616,102919,995.920000000,14836
RTSI,0,20170616,102920,995.930000000,144741
RTSI,0,20170616,102921,995.920000000,9570
RTSI,0,20170616,102922,995.910000000,25384
RTSI,0,20170616,102923,995.890000000,1393
RTSI,0,20170616,102924,995.870000000,94360
RTSI,0,20170616,102925,995.880000000,1573
RTSI,0,20170616,102926,995.860000000,33466
RTSI,0,20170616,102927,995.870000000,1587
RTSI,0,20170616,102928,995.860000000,76
RTSI,0,20170616,102929,995.860000000,1113
RTSI,0,20170616,102930,996.120000000,102406
RTSI,0,20170616,102931,996.080000000,95871
RTSI,0,20170616,102932,996.040000000,17736
RTSI,0,20170616,102933,996.050000000,523
RTSI,0,20170616,102934,996.070000000,86055
RTSI,0,20170616,102935,996.040000000,3451
RTSI,0,20170616,102936,996.110000000,81293
RTSI,0,20170616,102937,996.100000000,5907
RTSI,0,20170616,102938,996.130000000,2923
RTSI,0,20170616,102939,996.110000000,16631
RTSI,0,20170616,102940,996.480000000,62888
RTSI,0,20170616,102941,996.360000000,6618
RTSI,0,20170616,102942,996.280000000,68143
RTSI,0,20170616,102943,996.310000000,27990
RTSI,0,20170616,102944,996.320000000,4279
RTSI,0,20170616,102945,996.330000000,1883
RTSI,0,20170616,102946,996.340000000,3856
RTSI,0,20170616,102947,996.340000000,809
RTSI,0,20170616,102948,996.290000000,3923
RTSI,0,20170616,102949,996.320000000,4011
RTSI,0,20170616,102950,996.320000000,0
RTSI,0,20170616,102951,996.320000000,5905
RTSI,0,20170616,102952,996.370000000,10695
RTSI,0,20170616,102953,996.420000000,9148
RTSI,0,20170616,102954,996.380000000,12391
RTSI,0,20170616,102955,996.920000000,267930
RTSI,0,20170616,102956,996.830000000,62138
RTSI,0,20170616,102957,996.780000000,59495
RTSI,0,20170616,102958,996.750000000,14725
RTSI,0,20170616,102959,996.730000000,5468
RTSI,0,20170616,103000,996.790000000,5436
RTSI,0,20170616,103001,996.760000000,56787
RTSI,0,20170616,103002,996.790000000,9054
RTSI,0,20170616,103003,996.680000000,27636
RTSI,0,20170616,103004,996.610000000,13505
RTSI,0,20170616,103005,996.710000000,11163
RTSI,0,20170616,103006,996.660000000,49156
RTSI,0,20170616,103007,996.650000000,1705
RTSI,0,20170616,103008,996.640000000,1489
RTSI,0,20170616,103009,996.530000000,62623
RTSI,0,20170616,103010,996.530000000,15370
RTSI,0,20170616,103011,996.560000000,20601
RTSI,0,20170616,103012,996.530000000,28258
RTSI,0,20170616,103013,996.500000000,2318
RTSI,0,20170616,103014,996.480000000,6291
RTSI,0,20170616,103015,996.520000000,16599
RTSI,0,20170616,103016,996.440000000,2000
RTSI,0,20170616,103017,996.430000000,5182
RTSI,0,20170616,103018,996.420000000,22221
RTSI,0,20170616,103019,997.140000000,238863
RTSI,0,20170616,103020,997.370000000,112910
RTSI,0,20170616,103021,997.270000000,31256
RTSI,0,20170616,103022,997.370000000,37470
RTSI,0,20170616,103023,997.250000000,25896
RTSI,0,20170616,103024,997.220000000,58150
RTSI,0,20170616,103025,997.240000000,19733
RTSI,0,20170616,103026,997.290000000,62869
RTSI,0,20170616,103027,997.260000000,10557
RTSI,0,20170616,103028,997.220000000,10916
RTSI,0,20170616,103029,997.150000000,11055
RTSI,0,20170616,103030,997.220000000,8218
RTSI,0,20170616,103031,997.210000000,4487
RTSI,0,20170616,103032,997.110000000,10779
RTSI,0,20170616,103033,997.100000000,2437
RTSI,0,20170616,103034,997.080000000,8030
RTSI,0,20170616,103035,997.070000000,3738
RTSI,0,20170616,103036,996.890000000,50433
RTSI,0,20170616,103037,996.910000000,32445
RTSI,0,20170616,103038,996.780000000,42921
RTSI,0,20170616,103039,996.780000000,439
RTSI,0,20170616,103040,996.760000000,29737
RTSI,0,20170616,103041,996.790000000,342
RTSI,0,20170616,103042,996.730000000,6295
RTSI,0,20170616,103043,996.790000000,43548
RTSI,0,20170616,103044,996.660000000,59486
RTSI,0,20170616,103045,996.610000000,96732
RTSI,0,20170616,103046,996.780000000,43246
RTSI,0,20170616,103047,996.760000000,4492
RTSI,0,20170616,103048,996.720000000,14910
RTSI,0,20170616,103049,996.830000000,14485
RTSI,0,20170616,103050,996.810000000,5772
RTSI,0,20170616,103051,996.720000000,102315
RTSI,0,20170616,103052,996.710000000,336
RTSI,0,20170616,103053,996.710000000,1247
RTSI,0,20170616,103054,996.790000000,30092
RTSI,0,20170616,103055,996.810000000,9701
RTSI,0,20170616,103056,996.830000000,2089
RTSI,0,20170616,103057,996.870000000,10761
RTSI,0,20170616,103058,996.770000000,11020
RTSI,0,20170616,103059,996.760000000,1487
RTSI,0,20170616,103100,996.790000000,3584
RTSI,0,20170616,103101,996.820000000,3946
RTSI,0,20170616,103102,996.790000000,10896
RTSI,0,20170616,103103,996.790000000,1583
RTSI,0,20170616,103104,996.820000000,340
RTSI,0,20170616,103105,996.800000000,6775
RTSI,0,20170616,103106,996.780000000,13846
RTSI,0,20170616,103107,996.750000000,57666
RTSI,0,20170616,103108,996.780000000,56156
RTSI,0,20170616,103109,996.740000000,51658
RTSI,0,20170616,103110,996.670000000,20686
RTSI,0,20170616,103111,996.640000000,2922
RTSI,0,20170616,103112,996.580000000,36738
RTSI,0,20170616,103113,996.600000000,5433
RTSI,0,20170616,103114,996.540000000,17720
RTSI,0,20170616,103115,996.470000000,15538
RTSI,0,20170616,103116,996.500000000,4954
RTSI,0,20170616,103117,996.380000000,160573
RTSI,0,20170616,103118,996.330000000,274934
RTSI,0,20170616,103119,996.350000000,76865
RTSI,0,20170616,103120,996.360000000,15605
RTSI,0,20170616,103121,996.320000000,11228
RTSI,0,20170616,103122,996.350000000,4462
RTSI,0,20170616,103123,996.270000000,10150
RTSI,0,20170616,103124,996.260000000,2168
RTSI,0,20170616,103125,996.230000000,22184
RTSI,0,20170616,103126,996.140000000,6392
RTSI,0,20170616,103127,996.140000000,1609
RTSI,0,20170616,103128,996.140000000,4140
RTSI,0,20170616,103129,996.130000000,7970
RTSI,0,20170616,103130,996.150000000,5893
RTSI,0,20170616,103131,996.160000000,5374
RTSI,0,20170616,103132,996.130000000,1482
RTSI,0,20170616,103133,996.260000000,14219
RTSI,0,20170616,103134,996.260000000,27461
RTSI,0,20170616,103135,996.270000000,34373
RTSI,0,20170616,103136,996.200000000,2098
RTSI,0,20170616,103137,996.500000000,45323
RTSI,0,20170616,103138,996.700000000,141065
RTSI,0,20170616,103139,996.710000000,26533
RTSI,0,20170616,103140,996.700000000,12094
RTSI,0,20170616,103141,996.700000000,42243
RTSI,0,20170616,103142,996.550000000,74967
RTSI,0,20170616,103143,996.580000000,5136
RTSI,0,20170616,103144,996.580000000,2113
RTSI,0,20170616,103145,996.520000000,15043
RTSI,0,20170616,103146,996.570000000,6683
RTSI,0,20170616,103147,996.630000000,15271
RTSI,0,20170616,103148,996.630000000,109
RTSI,0,20170616,103149,996.590000000,4650
RTSI,0,20170616,103150,996.560000000,10311
RTSI,0,20170616,103151,996.600000000,10978
RTSI,0,20170616,103152,996.590000000,17043
RTSI,0,20170616,103153,996.590000000,14078
RTSI,0,20170616,103154,996.610000000,9140
RTSI,0,20170616,103155,996.590000000,24808
RTSI,0,20170616,103156,996.650000000,43953
RTSI,0,20170616,103157,996.670000000,9465
RTSI,0,20170616,103158,996.580000000,7763
RTSI,0,20170616,103159,996.570000000,6099
RTSI,0,20170616,103200,996.540000000,8829
RTSI,0,20170616,103201,996.600000000,2453
RTSI,0,20170616,103202,996.640000000,4628
RTSI,0,20170616,103203,996.580000000,30505
RTSI,0,20170616,103204,996.570000000,2046
RTSI,0,20170616,103205,996.590000000,738
RTSI,0,20170616,103206,996.590000000,9804
RTSI,0,20170616,103207,996.580000000,445
RTSI,0,20170616,103208,996.570000000,15680
RTSI,0,20170616,103209,996.660000000,24395
RTSI,0,20170616,103210,996.640000000,362
RTSI,0,20170616,103211,996.660000000,2371
RTSI,0,20170616,103212,996.650000000,10393
RTSI,0,20170616,103213,996.680000000,24884
RTSI,0,20170616,103214,996.650000000,54015
RTSI,0,20170616,103215,996.670000000,9173
RTSI,0,20170616,103216,996.620000000,489
RTSI,0,20170616,103217,996.660000000,14314
RTSI,0,20170616,103218,996.640000000,28266
RTSI,0,20170616,103219,996.650000000,8433
RTSI,0,20170616,103220,996.660000000,16278
RTSI,0,20170616,103221,996.670000000,89
RTSI,0,20170616,103222,996.650000000,920
RTSI,0,20170616,103223,996.640000000,9322
RTSI,0,20170616,103224,996.680000000,89035
RTSI,0,20170616,103225,996.650000000,65947
RTSI,0,20170616,103226,996.660000000,10461
RTSI,0,20170616,103227,996.630000000,231
RTSI,0,20170616,103228,996.640000000,743
RTSI,0,20170616,103229,996.660000000,11157
RTSI,0,20170616,103230,996.650000000,3500
RTSI,0,20170616,103231,996.650000000,6178
RTSI,0,20170616,103232,996.690000000,2203
RTSI,0,20170616,103233,996.700000000,6215
RTSI,0,20170616,103234,996.720000000,8452
RTSI,0,20170616,103235,996.710000000,1704
RTSI,0,20170616,103236,996.710000000,3766
RTSI,0,20170616,103237,996.670000000,12017
RTSI,0,20170616,103238,996.680000000,1218
RTSI,0,20170616,103239,996.700000000,749
RTSI,0,20170616,103240,996.660000000,17806
RTSI,0,20170616,103241,996.660000000,875
RTSI,0,20170616,103242,996.660000000,14471
RTSI,0,20170616,103243,996.700000000,6534
RTSI,0,20170616,103244,996.700000000,7650
RTSI,0,20170616,103245,996.750000000,24053
RTSI,0,20170616,103246,996.690000000,28830
RTSI,0,20170616,103247,996.690000000,15618
RTSI,0,20170616,103248,996.690000000,5578
RTSI,0,20170616,103249,996.670000000,3643
RTSI,0,20170616,103250,996.670000000,36434
RTSI,0,20170616,103251,996.690000000,52734
RTSI,0,20170616,103252,996.710000000,10601
RTSI,0,20170616,103253,996.620000000,43512
RTSI,0,20170616,103254,996.570000000,19692
RTSI,0,20170616,103255,996.200000000,142299
RTSI,0,20170616,103256,996.220000000,83301
RTSI,0,20170616,103257,996.240000000,23276
RTSI,0,20170616,103258,996.260000000,8050
RTSI,0,20170616,103259,996.250000000,4123
RTSI,0,20170616,103300,996.230000000,2806
RTSI,0,20170616,103301,996.120000000,15643
RTSI,0,20170616,103302,996.120000000,2046
RTSI,0,20170616,103303,996.040000000,46045
RTSI,0,20170616,103304,996.060000000,8801
RTSI,0,20170616,103305,996.000000000,55118
RTSI,0,20170616,103306,996.010000000,6680
RTSI,0,20170616,103307,995.870000000,36862
RTSI,0,20170616,103308,995.750000000,11030
RTSI,0,20170616,103309,995.750000000,5149
RTSI,0,20170616,103310,995.700000000,5263
RTSI,0,20170616,103311,995.710000000,6808
RTSI,0,20170616,103312,995.650000000,12968
RTSI,0,20170616,103313,995.640000000,15500
RTSI,0,20170616,103314,995.680000000,2161
RTSI,0,20170616,103315,995.650000000,5665
RTSI,0,20170616,103316,996.050000000,77517
RTSI,0,20170616,103317,996.060000000,8065
RTSI,0,20170616,103318,996.000000000,8450
RTSI,0,20170616,103320,995.970000000,13150
RTSI,0,20170616,103321,995.930000000,4845
RTSI,0,20170616,103322,995.900000000,21326
RTSI,0,20170616,103323,995.990000000,15503
RTSI,0,20170616,103324,995.920000000,8202
RTSI,0,20170616,103325,995.950000000,17121
RTSI,0,20170616,103326,995.980000000,21059
RTSI,0,20170616,103327,995.990000000,2488
RTSI,0,20170616,103328,995.980000000,1107
RTSI,0,20170616,103329,995.990000000,6924
RTSI,0,20170616,103330,995.930000000,18876
RTSI,0,20170616,103331,995.930000000,14321
RTSI,0,20170616,103332,995.960000000,141
RTSI,0,20170616,103333,996.000000000,20711
RTSI,0,20170616,103334,996.010000000,12362
RTSI,0,20170616,103335,996.000000000,845
RTSI,0,20170616,103336,995.990000000,329
RTSI,0,20170616,103337,995.770000000,44177
RTSI,0,20170616,103338,995.780000000,1672
RTSI,0,20170616,103339,995.760000000,40938
RTSI,0,20170616,103340,995.720000000,74591
RTSI,0,20170616,103341,995.760000000,19586
RTSI,0,20170616,103342,995.660000000,115189
RTSI,0,20170616,103343,995.700000000,39826
RTSI,0,20170616,103344,995.710000000,8831
RTSI,0,20170616,103345,995.730000000,27810
RTSI,0,20170616,103346,995.600000000,30575
RTSI,0,20170616,103347,995.470000000,59993
RTSI,0,20170616,103348,995.430000000,24459
RTSI,0,20170616,103349,995.670000000,11233
RTSI,0,20170616,103350,995.650000000,2491
RTSI,0,20170616,103351,995.630000000,2895
RTSI,0,20170616,103352,995.810000000,151956
RTSI,0,20170616,103353,995.860000000,11534
RTSI,0,20170616,103354,995.850000000,32891
RTSI,0,20170616,103355,995.800000000,12274
RTSI,0,20170616,103356,995.830000000,17904
RTSI,0,20170616,103357,995.850000000,9919
RTSI,0,20170616,103358,995.820000000,18351
RTSI,0,20170616,103359,995.840000000,23943
RTSI,0,20170616,103400,995.840000000,1034
RTSI,0,20170616,103401,995.850000000,35905
RTSI,0,20170616,103402,995.910000000,88493
RTSI,0,20170616,103403,995.870000000,15150
RTSI,0,20170616,103404,995.870000000,13465
RTSI,0,20170616,103405,995.900000000,12816
RTSI,0,20170616,103406,995.960000000,15809
RTSI,0,20170616,103407,996.050000000,17412
RTSI,0,20170616,103408,996.340000000,73277
RTSI,0,20170616,103409,996.590000000,107244
RTSI,0,20170616,103410,996.380000000,19128
RTSI,0,20170616,103411,996.360000000,3775
RTSI,0,20170616,103412,996.390000000,58783
RTSI,0,20170616,103413,996.520000000,32060
RTSI,0,20170616,103414,996.510000000,4269
RTSI,0,20170616,103415,996.520000000,18374
RTSI,0,20170616,103416,996.480000000,3693
RTSI,0,20170616,103417,996.490000000,3132
RTSI,0,20170616,103418,996.480000000,5754
RTSI,0,20170616,103419,996.400000000,49146
RTSI,0,20170616,103420,996.320000000,63518
RTSI,0,20170616,103421,996.350000000,79603
RTSI,0,20170616,103422,996.340000000,6244
RTSI,0,20170616,103423,996.280000000,21792
RTSI,0,20170616,103424,996.300000000,3807
RTSI,0,20170616,103425,996.320000000,7083
RTSI,0,20170616,103426,996.320000000,5071
RTSI,0,20170616,103427,996.320000000,1508
RTSI,0,20170616,103428,996.340000000,31191
RTSI,0,20170616,103429,996.380000000,2042
RTSI,0,20170616,103430,996.310000000,7202
RTSI,0,20170616,103431,996.330000000,17435
RTSI,0,20170616,103432,996.330000000,1429
RTSI,0,20170616,103433,996.320000000,10891
RTSI,0,20170616,103434,996.300000000,8852
RTSI,0,20170616,103435,996.360000000,16259
RTSI,0,20170616,103436,996.310000000,14127
RTSI,0,20170616,103437,996.310000000,1778
RTSI,0,20170616,103438,996.370000000,16553
RTSI,0,20170616,103439,996.380000000,4838
RTSI,0,20170616,103440,996.360000000,122341
RTSI,0,20170616,103441,996.370000000,3288
RTSI,0,20170616,103442,996.410000000,2584
RTSI,0,20170616,103443,996.430000000,6695
RTSI,0,20170616,103444,996.490000000,10917
RTSI,0,20170616,103446,996.480000000,19993
RTSI,0,20170616,103447,996.400000000,4765
RTSI,0,20170616,103448,996.460000000,5514
RTSI,0,20170616,103449,996.480000000,1697
RTSI,0,20170616,103450,996.420000000,2948
RTSI,0,20170616,103451,996.590000000,96011
RTSI,0,20170616,103452,996.590000000,43126
RTSI,0,20170616,103453,996.600000000,5595
RTSI,0,20170616,103454,996.640000000,309903
RTSI,0,20170616,103455,996.570000000,26957
RTSI,0,20170616,103456,996.580000000,5810
RTSI,0,20170616,103457,996.660000000,20569
RTSI,0,20170616,103458,996.760000000,40685
RTSI,0,20170616,103459,996.810000000,50259
RTSI,0,20170616,103500,996.860000000,55893
RTSI,0,20170616,103501,996.990000000,53215
RTSI,0,20170616,103502,996.810000000,262765
RTSI,0,20170616,103503,996.730000000,40888
RTSI,0,20170616,103504,996.700000000,20949
RTSI,0,20170616,103505,996.740000000,3893
RTSI,0,20170616,103506,996.760000000,78586
RTSI,0,20170616,103507,996.660000000,26224
RTSI,0,20170616,103508,996.680000000,51753
RTSI,0,20170616,103509,996.580000000,45333
RTSI,0,20170616,103510,996.530000000,37663
RTSI,0,20170616,103511,996.510000000,9971
RTSI,0,20170616,103512,996.500000000,12958
RTSI,0,20170616,103513,996.480000000,17885
RTSI,0,20170616,103514,996.460000000,3823
RTSI,0,20170616,103515,996.510000000,31947
RTSI,0,20170616,103516,996.430000000,46567
RTSI,0,20170616,103517,996.400000000,3436
RTSI,0,20170616,103518,996.440000000,14795
RTSI,0,20170616,103519,996.430000000,61193
RTSI,0,20170616,103520,996.440000000,1494
RTSI,0,20170616,103521,996.520000000,20102
RTSI,0,20170616,103522,996.420000000,35078
RTSI,0,20170616,103523,996.420000000,7960
RTSI,0,20170616,103524,996.390000000,28299
RTSI,0,20170616,103525,996.320000000,13398
RTSI,0,20170616,103526,996.290000000,213566
RTSI,0,20170616,103527,996.280000000,8960
RTSI,0,20170616,103528,996.300000000,730
RTSI,0,20170616,103529,996.260000000,15803
RTSI,0,20170616,103530,996.250000000,328
RTSI,0,20170616,103531,996.310000000,8584
RTSI,0,20170616,103532,996.300000000,1056
RTSI,0,20170616,103533,996.330000000,2354
RTSI,0,20170616,103534,996.290000000,14156
RTSI,0,20170616,103535,996.170000000,48690
RTSI,0,20170616,103536,996.110000000,6124
RTSI,0,20170616,103537,996.120000000,14162
RTSI,0,20170616,103538,996.120000000,6423
RTSI,0,20170616,103539,996.130000000,7169
RTSI,0,20170616,103540,996.130000000,9316
RTSI,0,20170616,103541,996.160000000,2895
RTSI,0,20170616,103542,996.180000000,4414
RTSI,0,20170616,103543,996.200000000,24307
RTSI,0,20170616,103544,996.230000000,6485
RTSI,0,20170616,103545,996.210000000,192
RTSI,0,20170616,103546,996.210000000,113
RTSI,0,20170616,103547,996.210000000,2603
RTSI,0,20170616,103548,996.230000000,0
RTSI,0,20170616,103549,996.220000000,2747
RTSI,0,20170616,103550,996.230000000,234
RTSI,0,20170616,103551,996.240000000,2076
RTSI,0,20170616,103552,996.260000000,7121
RTSI,0,20170616,103553,996.280000000,2297
RTSI,0,20170616,103554,996.250000000,1538
RTSI,0,20170616,103555,996.250000000,29
RTSI,0,20170616,103556,996.150000000,7896
RTSI,0,20170616,103557,996.240000000,23125
RTSI,0,20170616,103558,996.230000000,16860
RTSI,0,20170616,103559,996.230000000,10339
RTSI,0,20170616,103600,996.220000000,6323
RTSI,0,20170616,103601,996.220000000,13048
RTSI,0,20170616,103602,996.140000000,37725
RTSI,0,20170616,103603,996.170000000,126539
RTSI,0,20170616,103604,996.200000000,16929
RTSI,0,20170616,103605,996.150000000,71230
RTSI,0,20170616,103606,996.130000000,8394
RTSI,0,20170616,103607,996.100000000,3377
RTSI,0,20170616,103608,996.090000000,2053
RTSI,0,20170616,103609,996.100000000,7969
RTSI,0,20170616,103610,996.100000000,7371
RTSI,0,20170616,103611,996.150000000,7539
RTSI,0,20170616,103612,996.140000000,9304
RTSI,0,20170616,103613,996.110000000,251642
RTSI,0,20170616,103614,996.150000000,14138
RTSI,0,20170616,103615,996.150000000,961
RTSI,0,20170616,103616,996.180000000,4914
RTSI,0,20170616,103617,996.220000000,7698
RTSI,0,20170616,103618,996.540000000,66895
RTSI,0,20170616,103619,996.530000000,9538
RTSI,0,20170616,103620,996.540000000,6315
RTSI,0,20170616,103621,996.550000000,3007
RTSI,0,20170616,103622,996.570000000,1535
RTSI,0,20170616,103623,996.560000000,5771
RTSI,0,20170616,103624,996.560000000,2372
RTSI,0,20170616,103625,996.560000000,59437
RTSI,0,20170616,103626,996.530000000,32523
RTSI,0,20170616,103627,996.550000000,3594
RTSI,0,20170616,103628,996.550000000,284
RTSI,0,20170616,103629,996.520000000,73030
RTSI,0,20170616,103630,996.530000000,36020
RTSI,0,20170616,103631,996.410000000,70252
RTSI,0,20170616,103632,996.410000000,2119
RTSI,0,20170616,103633,996.340000000,958
RTSI,0,20170616,103634,996.320000000,11077
RTSI,0,20170616,103635,996.310000000,15009
RTSI,0,20170616,103636,996.280000000,964
RTSI,0,20170616,103637,996.300000000,1700
RTSI,0,20170616,103638,996.290000000,354
RTSI,0,20170616,103639,996.300000000,3355
RTSI,0,20170616,103640,996.320000000,2069
RTSI,0,20170616,103641,996.420000000,37133
RTSI,0,20170616,103642,996.410000000,945
RTSI,0,20170616,103643,996.420000000,15678
RTSI,0,20170616,103644,996.450000000,5372
RTSI,0,20170616,103645,996.480000000,2687
RTSI,0,20170616,103646,996.500000000,3842
RTSI,0,20170616,103647,996.490000000,3880
RTSI,0,20170616,103648,996.520000000,3183
RTSI,0,20170616,103649,996.520000000,0
RTSI,0,20170616,103650,996.450000000,14167
RTSI,0,20170616,103651,996.440000000,14
RTSI,0,20170616,103652,996.440000000,1131
RTSI,0,20170616,103653,996.460000000,7498
RTSI,0,20170616,103654,996.470000000,936
RTSI,0,20170616,103655,996.380000000,11396
RTSI,0,20170616,103656,996.390000000,19780
RTSI,0,20170616,103657,996.390000000,689
RTSI,0,20170616,103658,996.390000000,8749
RTSI,0,20170616,103659,996.290000000,4972
RTSI,0,20170616,103700,996.260000000,8601
RTSI,0,20170616,103701,996.300000000,1423
RTSI,0,20170616,103702,996.300000000,869
RTSI,0,20170616,103703,996.310000000,1890
RTSI,0,20170616,103704,996.260000000,1660
RTSI,0,20170616,103705,996.090000000,119150
RTSI,0,20170616,103706,995.760000000,291029
RTSI,0,20170616,103707,995.780000000,67684
RTSI,0,20170616,103708,995.740000000,2009
RTSI,0,20170616,103709,995.730000000,17563
RTSI,0,20170616,103710,995.800000000,46117
RTSI,0,20170616,103711,995.780000000,545
RTSI,0,20170616,103712,995.770000000,1643
RTSI,0,20170616,103713,995.720000000,16328
RTSI,0,20170616,103714,995.660000000,19697
RTSI,0,20170616,103715,995.680000000,298
RTSI,0,20170616,103716,995.670000000,3789
RTSI,0,20170616,103717,995.650000000,16806
RTSI,0,20170616,103718,995.630000000,30478
RTSI,0,20170616,103719,995.630000000,28
RTSI,0,20170616,103720,995.660000000,34071
RTSI,0,20170616,103721,995.620000000,59490
RTSI,0,20170616,103722,995.530000000,11213
RTSI,0,20170616,103723,995.540000000,12869
RTSI,0,20170616,103724,995.550000000,2038
RTSI,0,20170616,103725,995.560000000,6760
RTSI,0,20170616,103726,995.560000000,9408
RTSI,0,20170616,103727,995.560000000,3448
RTSI,0,20170616,103728,996.420000000,270517
RTSI,0,20170616,103729,996.530000000,39979
RTSI,0,20170616,103730,996.510000000,2886
RTSI,0,20170616,103731,996.410000000,15392
RTSI,0,20170616,103732,996.490000000,6851
RTSI,0,20170616,103733,996.490000000,82286
RTSI,0,20170616,103734,996.440000000,8628
RTSI,0,20170616,103735,996.560000000,34438
RTSI,0,20170616,103736,996.570000000,3429
RTSI,0,20170616,103737,996.590000000,3042
RTSI,0,20170616,103738,996.720000000,94291
RTSI,0,20170616,103739,996.720000000,5405
RTSI,0,20170616,103740,996.770000000,620
RTSI,0,20170616,103741,996.800000000,8137
RTSI,0,20170616,103742,996.730000000,34357
RTSI,0,20170616,103743,996.740000000,18840
RTSI,0,20170616,103744,996.740000000,11106
RTSI,0,20170616,103745,996.710000000,723
RTSI,0,20170616,103746,996.600000000,20307
RTSI,0,20170616,103747,996.560000000,86835
RTSI,0,20170616,103748,996.520000000,26784
RTSI,0,20170616,103749,996.570000000,989
RTSI,0,20170616,103750,996.660000000,13722
RTSI,0,20170616,103751,996.670000000,291973
RTSI,0,20170616,103752,996.640000000,33011
RTSI,0,20170616,103753,996.630000000,71
RTSI,0,20170616,103754,996.670000000,1772
RTSI,0,20170616,103755,996.590000000,24025
RTSI,0,20170616,103757,996.600000000,40142
RTSI,0,20170616,103758,996.600000000,123
RTSI,0,20170616,103759,996.660000000,11996
RTSI,0,20170616,103800,996.670000000,10242
RTSI,0,20170616,103801,996.630000000,63198
RTSI,0,20170616,103802,996.630000000,208
RTSI,0,20170616,103803,996.960000000,81295
RTSI,0,20170616,103804,996.760000000,60610
RTSI,0,20170616,103805,996.760000000,2540
RTSI,0,20170616,103806,996.730000000,10777
RTSI,0,20170616,103807,996.730000000,7888
RTSI,0,20170616,103808,996.690000000,3918
RTSI,0,20170616,103809,996.690000000,554
RTSI,0,20170616,103810,996.720000000,45605
RTSI,0,20170616,103811,996.720000000,143
RTSI,0,20170616,103812,996.720000000,2182
RTSI,0,20170616,103813,996.720000000,10595
RTSI,0,20170616,103814,996.680000000,27221
RTSI,0,20170616,103815,996.670000000,2063
RTSI,0,20170616,103816,996.630000000,6007
RTSI,0,20170616,103817,996.650000000,4971
RTSI,0,20170616,103818,996.590000000,16947
RTSI,0,20170616,103819,996.670000000,65925
RTSI,0,20170616,103820,996.590000000,504
